
%%%%%%%%%%%%%%%%%%%%%%%%%%%%%%%%%%%%%%%%%%%%%%%%%%%%%%%%%%%%%%%%%%%%%%%%%%%%%%%%
% Papers In Refereed Journals
%%%%%%%%%%%%%%%%%%%%%%%%%%%%%%%%%%%%%%%%%%%%%%%%%%%%%%%%%%%%%%%%%%%%%%%%%%%%%%%%

%-------------------------------------------------------------------------------
% Not yet in print: Listed on MSEAS web site
%-------------------------------------------------------------------------------

@Article{kulkarni_lermusiaux_JCP2019,
  author = 	 {Kulkarni, Chinmay S. and Lermusiaux, Pierre F. J.},
  title = 	 {Advection without Compounding Errors through Flow Map Composition},
  journal = 	 {Journal of Computational Physics},
  year = 	 {2019},
  OPTkey = 	 {},
  OPTvolume = 	 {},
  OPTnumber = 	 {},
  OPTpages = 	 {},
  OPTmonth = 	 {},
  note = 	 {Sub-judice},
  OPTannote = 	 {}
}

@Article{duda_et_al_JASA2019,
  author = 	 {Duda, Timothy F. and Lin, Ying-Tsong and Newhall, Arthur E. and Helfrich, Karl R. and Lynch, James F. and Zhang, Weifeng Gordon and Lermusiaux, Pierre F. J. and Wilkin, John},
  title = 	 {Multiscale Multiphysics Data-Informed Modeling for Three-Dimensional Ocean Acoustic Simulation and Prediction},
  journal = 	 {Journal of the Acoustical Society of America},
  year = 	 {2019},
  OPTkey = 	 {},
  OPTvolume = 	 {},
  OPTnumber = 	 {},
  OPTpages = 	 {},
  OPTmonth = 	 {},
  note = 	 {Sub-judice},
  OPTannote = 	 {}
}


@Article{mannarini_et_al_IEEERev2019,
  author = 	 {Gianandrea Mannarini and Deepak N. Subramani and Pierre F. J. Lermusiaux and Nadia Pinardi},
  title = 	 {Graph-Search and Differential Equations for Time-Optimal Vessel Route Planning in Dynamic Ocean Waves},
  journal = 	 {IEEE Transactions on Intelligent Transportation Systems},
  year = 	 {2019},
  OPTkey = 	 {},
  OPTvolume = 	 {},
  OPTnumber = 	 {},
  OPTpages = 	 {},
  OPTmonth = 	 {},
  note = 	 {Sub-judice},
  OPTannote = 	 {}
}


@Article{lolla_lermusiaux_SICON2019,
  author = 	 {T. Lolla and P. F. J. Lermusiaux},
  title = 	 {A Forward Reachability Equation for Minimum-Time Path Planning in Strong Dynamic Flows},
  journal = 	 {{SIAM} Journal on Control and Optimization},
  year = 	 {2019},
  OPTkey = 	 {},
  OPTvolume = 	 {},
  OPTnumber = 	 {},
  OPTpages = 	 {},
  OPTmonth = 	 {},
  note = 	 {Sub-judice},
  OPTannote = 	 {}
}

%-------------------------------------------------------------------------------
% Not yet in print: NOT listed on MSEAS web site
%-------------------------------------------------------------------------------

@Article{pan_et_al_JFM2019,
  author = 	 {Pan, Y. and Haley, Jr., P.J. and P.F.J. Lermusiaux},
  title = 	 {Interaction of Internal Tide with a Heterogeneous and Rotational Ocean Background},
  journal = 	 {Journal of Fluid Mechanics},
  year = 	 {2019},
  OPTkey = 	 {},
  OPTvolume = 	 {},
  OPTnumber = 	 {},
  OPTpages = 	 {},
  OPTmonth = 	 {},
  note = 	 {To be submitted},
  OPTannote = 	 {}
}

@Misc{lermusiaux_2.29_notes,
  OPTkey = 	 {},
  author = 	 {Pierre F. J. Lermusiaux},
  title = 	 {Numerical Fluid Mechanics},
  howpublished = {{MIT} OpenCourseWare},
  month = 	 may,
  year = 	 {2015},
  OPTnote = 	 {},
  OPTannote = 	 {},
  url = 	 {https://ocw.mit.edu/courses/mechanical-engineering/2-29-numerical-fluid-mechanics-spring-2015/lecture-notes-and-references/}
}



@TECHREPORT{haley_lermusiaux_2016prep,
  author = 	 {Haley, Jr., Patrick J. and Pierre F. J. Lermusiaux},
  title = 	 {{Limiters for Shapiro filtering with primitive-equation ocean models}},
   year = {{2016}},
  INSTITUTION = {Department of Mechanical Engineering, Massachusetts Institute of Technology},
   TYPE        = {{MSEAS Report}},
   NUMBER      = {},
   ADDRESS     = {Cambridge, MA},
   URL         = {}
}

@TECHREPORT{gupta_lermusiaux_2016prep,
  author = 	 {Gupta, Abhinav and Pierre F. J. Lermusiaux},
  title = 	 {{Boundary conditions for stochastic DO equations}},
   year = {{2016}},
  INSTITUTION = {Department of Mechanical Engineering, Massachusetts Institute of Technology},
   TYPE        = {{MSEAS Report}},
   NUMBER      = {},
   ADDRESS     = {Cambridge, MA},
   URL         = {}
}

@article{ueckermann_et_al_OD2019,
author = {Ueckermann, M. P. and Mirabito, C. and Haley, Jr., P. J. and Lermusiaux, P. F. J.},
title = {High Order Hybridizable Discontinuous {G}alerkin Projection Schemes for Non-hydrostatic Physical-Biogeochemical Ocean Modeling},
journal = {Ocean Dynamics},
volume = {},
number = {},
year = {2019},
pages = {},
note = {To be submitted.}
}

@article{lermusiaux_et_al_OD2019,
  title={Evaluation of Multiscale Ocean Probabilistic Forecasts: Quantifying, Predicting and Exploiting Uncertainty},
  author={Lermusiaux, P. F. J. and Haley, Jr., P. J. and G. G. Gawarkiewicz and Sen Jan},
  journal={Ocean Dynamics},
  year={2019},
  note={To be submitted}
}

@article{mirabito_et_al_OD2019,
author = {Mirabito, C. and Haley, Jr., P. J. and Lermusiaux, P. F. J.},
title = {Verification and Evaluation of Hybridizable Discontinuous {G}alerkin Schemes for Non-hydrostatic Ocean Modeling using the Method of Manufactured Solutions}},
journal = {Ocean Dynamics},
volume = {},
number = {},
year = {2019},
pages = {},
note = {In preparation}
}

@article{lin_lermusiaux_2019prep,
author = {Lin, Jing and Lermusiaux, P. F. J.},
title = {Bayesian Learning of Turbulent Bottom Gravity Currents Models},
journal = {In preparation},
volume = {},
number = {},
year = {2019},
pages = {},
note = {}
}

@article{subramani_lermusiaux_2019prep,
author = {Subramani, Deepak and Lermusiaux, P. F. J.},
title = {Probabilistic Ocean Predictions with Dynamically-Orthogonal Primitive Equations},
journal = {In preparation},
volume = {},
number = {},
year = {2019},
pages = {},
note = {}
}

@Article{kulkarni_lermusiaux_OM2019a,
author = {Chinmay S. Kulkarni and Pierre F. J. Lermusiaux},
title = {Three-dimensional time-optimal path planning in the realistic ocean},
journal = {Ocean Modeling},
year = {2019},
OPTkey = {},
OPTvolume = {},
OPTnumber = {},
OPTpages = {},
OPTmonth = {},
note = {In preparation},
OPTannote = {}
}

@Article{kulkarni_lermusiaux_OM2019b,
author = {Chinmay S. Kulkarni and Pierre F. J. Lermusiaux},
title = {Persistent rigid sets in realistic fluid flows using flow map composition},
journal = {Ocean Modeling},
year = {2019},
OPTkey = {},
OPTvolume = {},
OPTnumber = {},
OPTpages = {},
OPTmonth = {},
note = {In preparation},
OPTannote = {}
}


@Article{ali_lermusiaux_2019a,
  author = 	 {Wael H. Ali and Pierre F. J. Lermusiaux},
  title = 	 {Dynamically Orthogonal Equations for Stochastic Underwater Sound Propagation: Theory, Schemes and Applications},
  journal = 	 {TBD},
  year = 	 {2019},
  OPTkey = 	 {},
  OPTvolume = 	 {},
  OPTnumber = 	 {},
  OPTpages = 	 {},
  OPTmonth = 	 {},
  note = 	 {In preparation},
  OPTannote = 	 {}
}

@Article{ali_lermusiaux_2019b,
  author = 	 {Wael H. Ali and Pierre F. J. Lermusiaux},
  title = 	 {Acoustics Bayesian Inversion with Gaussian Mixture Models using the Dynamically Orthogonal Field Equations},
  journal = 	 {TBD},
  year = 	 {2019},
  OPTkey = 	 {},
  OPTvolume = 	 {},
  OPTnumber = 	 {},
  OPTpages = 	 {},
  OPTmonth = 	 {},
  note = 	 {In preparation},
  OPTannote = 	 {}
}


%-------------------------------------------------------------------------------
% 2019
%-------------------------------------------------------------------------------

@Article{subramani_lermusiaux_CMAME2019,
  author = 	 {Subramani, Deepak N. and Lermusiaux, Pierre F. J.},
  title = 	 {Risk-Optimal Path Planning in Stochastic Dynamic Environments},
  journal = 	 {Computer Methods in Applied Mechanics and Engineering},
  year = 	 {2019},
  OPTkey = 	 {},
  OPTvolume = 	 {},
  OPTnumber = 	 {},
  OPTpages = 	 {},
  OPTmonth = 	 {},
  note = 	 {In press},
  OPTannote = 	 {}
}

@Article{feppon_lermusiaux_SIMAX2019,
	author = 	 {Florian Feppon and Pierre F. J. Lermusiaux},
	title = 	 {The Extrinsic Geometry of Dynamical Systems Tracking Nonlinear Matrix Projections},
	journal = 	 {{SIAM} Journal on Matrix Analysis and Applications},
	year = 	 {2019},
	OPTkey = 	 {},
	OPTvolume = 	 {},
	OPTnumber = 	 {},
	OPTpages = 	 {},
	OPTmonth = 	 {},
	note = 	 {In press},
	OPTannote = 	 {}
}

@Article{moore_et_al_FMS2019,
  author = 	 {Moore, A. M. and M. Martin and S. Akella and H. Arango and M. Balmaseda and L. Bertino and S. Ciavatta and B. Cornuelle and J. Cummings and S. Frolov and P. Lermusiaux and P. Oddo and P. R. Oke and A. Storto and A. Teruzzi and A. Vidard and A. T. Weaver},
  title = 	 {Synthesis of Ocean Observations using Data Assimilation for Operational, Real-time and Reanalysis Systems: {A} More Complete Picture of the State of the Ocean},
  journal = 	 {Frontiers in Marine Science},
  year = 	 {2019},
  OPTkey = 	 {},
  volume = 	 {6},
  number = 	 {90},
  pages = 	 {1--6},
  month = 	 mar,
  note = 	 {},
  OPTannote = 	 {},
  doi = {10.3389/fmars.2019.00090}
}

@article{gil_et_al_CACM2019,
 author = {Gil, Yolanda and Pierce, Suzanne A. and Babaie, Hassan and Banerjee, Arindam and Borne, Kirk and Bust, Gary and Cheatham, Michelle and Ebert-Uphoff, Imme and Gomes, Carla and Hill, Mary and Horel, John and Hsu, Leslie and Kinter, Jim and Knoblock, Craig and Krum, David and Kumar, Vipin and Lermusiaux, Pierre F. J. and Liu, Yan and North, Chris and Pankratius, Victor and Peters, Shanan and Plale, Beth and Pope, Allen and Ravela, Sai and Restrepo, Juan and Ridley, Aaron and Samet, Hanan and Shekhar, Shashi},
 title = {Intelligent Systems for Geosciences: {An} Essential Research Agenda},
 journal = {Communications of the ACM},
 volume = {62},
 number = {1},
 month = jan,
 year = {2019},
 pages = {76--84},
 doi = {10.1145/3192335},
} 

%-------------------------------------------------------------------------------
% 2018
%-------------------------------------------------------------------------------


@Article{jana_et_al_JMS2018,
  author = 	 {Sudip Jana and Avijit Gangopadhyay and Pierre F. J. Lermusiaux and Arun Chakraborty and Sourav Sil and Haley, Jr., Patrick J.},
  title = 	 {High-resolution Simulations for the {B}ay of {B}engal: Sensitivity to River Input and Wind Forcing},
  journal = 	 {Journal of Marine Systems},
  year = 	 {2018},
  OPTkey = 	 {},
  volume = 	 {187},
  OPTnumber = 	 {},
  pages = 	 {206--222},
  month = 	 nov,
  note = 	 {},
  OPTannote = 	 {},
  doi = {10.1016/j.jmarsys.2018.08.001}
}


@Article{feppon_lermusiaux_SIREV2018,
	author = 	 {Florian Feppon and Pierre F. J. Lermusiaux},
	title = 	 {Dynamically Orthogonal numerical schemes for efficient stochastic advection and {L}agrangian transport},
	journal = 	 {{SIAM} Review},
	year = 	 {2018},
	OPTkey = 	 {},
	volume = 	 {60},
	number = 	 {3},
	pages = 	 {595--625},
	OPTmonth = 	 {},
	note = 	 {},
	OPTannote = 	 {},
	doi = {10.1137/16M1109394}
}

@Article{aoussou_et_al_JCP2018,
  author = 	 {Jean Aoussou and Jing Lin and Pierre F. J. Lermusiaux},
  title = 	 {Iterated Pressure-Correction Projection Methods for
the Unsteady Incompressible {N}avier--{S}tokes Equations},
  journal = 	 {Journal of Computational Physics},
  year = 	 {2018},
  OPTkey = 	 {},
  volume = 	 {373},
  OPTnumber = 	 {},
  pages = 	 {940--974},
  month = 	 nov,
  note = 	 {},
  OPTannote = 	 {},
  doi = {10.1016/j.jcp.2018.06.062}
}

@Article{feppon_lermusiaux_SIMAX2018a,
	author = 	 {Florian Feppon and Pierre F. J. Lermusiaux},
	title = 	 {A Geometric Approach to Dynamical Model-Order Reduction},
	journal = 	 {SIAM Journal on Matrix Analysis and Applications},
	year = 	 {2018},
	OPTkey = 	 {},
	volume = 	 {39},
	number = 	 {1},
	pages = 	 {510--538},
	OPTmonth = 	 {},
	note = 	 {},
	OPTannote = 	 {},
	doi = {10.1137/16M1095202}
}

@Article{subramani_et_al_CMAME2018,
	author = 	 {D. N. Subramani and Q. J. Wei and P. F. J. Lermusiaux},
	title = 	 {Stochastic Time-Optimal Path-Planning in Uncertain, Strong, and Dynamic Flows},
	journal = 	 {Computer Methods in Applied Mechanics and Engineering},
	year = 	 {2018},
	OPTkey = 	 {},
	volume = 	 {333},
	OPTnumber = 	 {},
	pages = 	 {218--237},
	OPTmonth = 	 {},
	OPTannote = 	 {},
	doi =          {10.1016/j.cma.2018.01.004},
	note = {}
}

%-------------------------------------------------------------------------------
% 2017
%-------------------------------------------------------------------------------

@Article{lermusiaux_et_al_TheSea2017,
  author = 	 {P. F. J. Lermusiaux and D. N. Subramani and J. Lin and C. S. Kulkarni and A. Gupta and A. Dutt and T. Lolla and Haley, Jr., P. J. and W. H. Ali and C. Mirabito and S. Jana},
  title = 	 {A Future for Intelligent Autonomous Ocean Observing Systems},
  journal = 	 {Journal of Marine Research},
  year = 	 {2017},
  OPTkey = 	 {},
  volume = 	 {75},
  number = 	 {6},
  pages = 	 {765--813},
  month = 	 nov,
  note = 	 {The Sea. Volume 17, The Science of Ocean Prediction, Part 2.},
  OPTannote = 	 {},
  doi = {10.1357/002224017823524035}
}

@Article{centurioni_et_al_Oceanog2017,
  author = 	 {L. R. Centurioni and others},
  title = 	 {Northern {A}rabian {S}ea Circulation-Autonomous Research ({NASCar}): A Research Initiative Based on Autonomous Sensors},
  journal = 	 {Oceanography},
  year = 	 {2017},
  OPTkey = 	 {},
  volume = 	 {30},
  number = 	 {2},
  pages = 	 {74--87},
  month = 	 jun,
  note = 	 {Special issue on Autonomous and Lagrangian Platforms and Sensors ({ALPS})},
  OPTannote = 	 {},
  doi =          {10.5670/oceanog.2017.224}
}

@Article{lermusiaux_et_al_Oceanog2017,
  author = 	 {P. F. J. Lermusiaux and Haley, Jr., P. J. and S. Jana and A. Gupta and C. S. Kulkarni and C. Mirabito and W. H. Ali and D. N. Subramani and A. Dutt and J. Lin and A. Shcherbina and C. Lee and A. Gangopadhyay},
  title = 	 {Optimal Planning and Sampling Predictions for Autonomous and Lagrangian Platforms and Sensors in the Northern {A}rabian {S}ea},
  journal = 	 {Oceanography},
  year = 	 {2017},
  OPTkey = 	 {},
  volume = 	 {30},
  number = 	 {2},
  pages = 	 {172--185},
  month = 	 jun,
  note = 	 {Special issue on Autonomous and Lagrangian Platforms and Sensors ({ALPS})},
  OPTannote = 	 {},
  doi =          {10.5670/oceanog.2017.242}
}

@Article{subramani_et_al_JGR2017,
	author = 	 {D. N. Subramani and Haley, Jr., P. J. and P. F. J. Lermusiaux},
	title = 	 {Energy-optimal Path Planning in the Coastal Ocean},
	journal = 	 {Journal of Geophysical Research: Oceans},
	year = 	 {2017},
	OPTkey = 	 {},
	volume = 	 {122},
	OPTnumber = 	 {},
	pages = 	 {3981--4003},
	OPTmonth = 	 {},
	note = 	 {},
	OPTannote = 	 {},
  doi = 	 {10.1002/2016JC012231}
}

@Article{sun_et_al_JGCD2017,
	author = 	 {Wei Sun and Panagiotis Tsiotras and Tapovan Lolla and Deepak N. Subramani and Pierre F. J. Lermusiaux},
	title = 	 {Multiple-Pursuer-One-Evader Pursuit Evasion Game in Dynamic Flow Fields},
	journal = 	 {Journal of Guidance, Control and Dynamics},
	year = 	 {2017},
	OPTkey = 	 {},
	volume = 	 {40},
	number = 	 {7},
	OPTpages = 	 {},
	month = 	 apr,
	note = 	 {},
	OPTannote = 	 {},
	doi = {10.2514/1.G002125}
}

@Article{lolla_lermusiaux_MWR2017_partII,
              author =               {T. Lolla and P. F. J. Lermusiaux},
              title =     {A {G}aussian Mixture Model Smoother for Continuous Nonlinear Stochastic Dynamical Systems: Applications},
              JOURNAL={Monthly Weather Review},
              VOLUME={145},
              NUMBER={},
              PAGES={2763--2790},
              year = {2017},
              month = jul,
              note =    {},
              doi = {10.1175/MWR-D-16-0065.1},
              OPTannote =       {}
}

@Article{lolla_lermusiaux_MWR2017_partI,
              author =               {T. Lolla and P. F. J. Lermusiaux},
              title =     {A {G}aussian Mixture Model Smoother for Continuous Nonlinear Stochastic Dynamical Systems: Theory and Scheme},
              JOURNAL={Monthly Weather Review},
              VOLUME={145},
              NUMBER={},
              PAGES={2743--2761},
              year = {2017},
              month = jul,
              note =    {},
              doi = {10.1175/MWR-D-16-0064.1},
              OPTannote =       {}
}
 

 
%-------------------------------------------------------------------------------
% 2016
%-------------------------------------------------------------------------------
 
@Article{kelly_et_al_JPO2016,
  author = {S. M. Kelly and P. F. J. Lermusiaux and T. F. Duda and Haley, Jr., P. J.},
  title =  {A Coupled-mode Shallow Water model for tidal analysis: Internal-tide reflection and refraction by the {G}ulf {S}tream},
  journal =  {Journal of Physical Oceanography},
  year =  {2016},
  OPTkey =           {},
  volume =    {46},
  OPTnumber =  {},
  pages =       {3661--3679},
  OPTmonth =     {},
  note =                {},
  OPTannote =     {},
  doi = 	 {10.1175/JPO-D-16-0018.1}
}
 
@Article{kelly_lermusiaux_JGR2016,
              author =   {S. M. Kelly and P. F. J. Lermusiaux},
              title =     {Internal-tide Interactions with Gulf Stream and Middle Atlantic Blight Shelfbreak Front},
              journal =              {Journal of Geophysical Research: Oceans},
              year =    {2016},
              OPTkey =             {},
              volume =             {121},
              OPTnumber =     {},
              pages =         {6271--6294},
              OPTmonth =       {},
              doi =          {10.1002/2016JC011639},
              note =    {},
              OPTannote =       {}
}
 
@Article{heaney_et_al_OD2016,
              author =  {Kevin D. Heaney and Pierre F. J. Lermusiaux and Timothy F. Duda and Haley, Jr., Patrick J.},
              title =     {Validation of Genetic Algorithm Based Optimal Sampling for Ocean Data Assimilation},
              journal =              {Ocean Dynamics},
              year =    {2016},
              OPTkey =             {},
              volume =      {66},
              OPTnumber =     {},
              pages =         {1209--1229},
              OPTmonth =       {},
              OPTannote =       {},
              doi =       {10.1007/s10236-016-0976-5}
}
 
@Article{subramani_lermusiaux_OM2016,
              author =               {D. N. Subramani and P. F. J. Lermusiaux},
              title =     {Energy-optimal Path Planning by Stochastic Dynamically Orthogonal Level-Set Optimization},
              journal =              {Ocean Modeling},
              year =    {2016},
              OPTkey =             {},
              volume =             {100},
              OPTnumber =     {},
              pages =                {57--77},
              OPTmonth =       {},
              OPTannote =       {},
              doi =          {10.1016/j.ocemod.2016.01.006}
}
 
@article{ueckermann_lermusiaux_JCP2016,
              author = {Ueckermann, M. P. and Lermusiaux, P. F. J.},
              title = {Hybridizable Discontinuous {G}alerkin Projection Methods for {N}avier--{S}tokes and {B}oussinesq Equations},
              journal = {Journal of Computational Physics},
              volume = {306},
              year = {2016},
              pages = {390--421},
              doi = {10.1016/j.jcp.2015.11.028}
}

%-------------------------------------------------------------------------------
% 2015
%-------------------------------------------------------------------------------

@article{haley_et_al_OM2015,
  title   = {Optimizing Velocities and Transports for Complex Coastal Regions and Archipelagos},
  author  = {Haley, Jr., P. J. and Agarwal, A. and Lermusiaux, P.~F.~J.},
  journal = {Ocean Modeling},
  year    = {2015},
  volume  = {89},
  pages   = {1--28},
  DOI     = {10.1016/j.ocemod.2015.02.005}
}

@Article{lolla_et_al_OM2015,
  author = 	 {T. Lolla and Haley, Jr., P.~J. and P. F. J. Lermusiaux},
  title = 	 {Path planning in multiscale ocean flows: coordination and dynamic obstacles},
  journal = 	 {Ocean Modelling},
  year = 	 {2015},
  OPTkey = 	 {},
  volume = 	 {94},
  OPTnumber = 	 {},
  pages = 	 {46--66},
  OPTmonth = 	 {},
  OPTnote = 	 {},
  OPTannote = 	 {},
  doi = {10.1016/j.ocemod.2015.07.013}
}

%-------------------------------------------------------------------------------
% 2014
%-------------------------------------------------------------------------------

@article{dedominicis_et_al_OD2014,
  title={A relocatable ocean model in support of environmental emergencies},
  author={De Dominicis, Michela and Falchetti, Silvia and Trotta, Francesco and Pinardi, Nadia and Giacomelli, Luca and Napolitano, Ernesto and Fazioli, Leopoldo and Sorgente, Roberto and Haley, Jr., Patrick J. and Lermusiaux, Pierre F. J. and Martins, F. and Cocco, M.},
  journal={Ocean Dynamics},
  volume={64},
  number={5},
  pages={667--688},
  year={2014},
  publisher={Springer},
  DOI= {10.1007/s10236-014-0705-x},
}

@article{lolla_et_al_OD2014_part1,
  title={Time-Optimal Path Planning in Dynamic Flows using Level Set Equations: Theory and Schemes},
  author={Lolla, T. and Lermusiaux, P.~F.~J. and Ueckermann, M.~P. and Haley, Jr., P. J.},
  journal={Ocean Dynamics},
  year={2014},
  volume={64},
  number={10},
  pages={1373--1397},
  DOI= {10.1007/s10236-014-0757-y}
}

@article{lolla_et_al_OD2014_part2,
  title={Time-Optimal Path Planning in Dynamic Flows using Level Set Equations: Realistic Applications},
  author={Lolla, T. and Haley, Jr., P. J. and Lermusiaux, P.~F.~J.},
  journal={Ocean Dynamics},
  year={2014},
  volume={64},
  number={10},
  pages={1399--1417},
  DOI= {10.1007/s10236-014-0760-3}
}

%-------------------------------------------------------------------------------
% 2013
%-------------------------------------------------------------------------------

@article{lermusiaux_et_al_OD2013,
  title     = {Multiscale modeling of coastal, shelf and global ocean dynamics.},
  author    = {Lermusiaux, Pierre F. J. and Schr{\"o}ter, Jens and Danilov, Sergey and Iskandarani, Mohamed and Pinardi, Nadia and Westerink, Joannes J.},
  journal   = {Ocean Dynamics},
  year      = {2013},
  VOLUME    = {63},
  NUMBER    = {11-12},
  PAGES     = {1341--1344},
  DOI 		= {10.1007/s10236-013-0655-8},
  publisher = {Springer}
}

@article{sapsis_et_al_JFM2013,
  title={Global analysis of {N}avier--{S}tokes and {B}oussinesq stochastic flows using dynamical orthogonality},
  author={Sapsis, T. P. and Ueckermann, M. P. and Lermusiaux, P. F. J.},
  journal={Journal of Fluid Mechanics},
  volume={734},
  pages={83--113},
  year={2013},
  publisher={Cambridge Univ Press},
  DOI     = {10.1017/jfm.2013.458}
}

@ARTICLE{sondergaard_lermusiaux_MWR2013_part1,
  AUTHOR={Sondergaard, T. and P. F. J. Lermusiaux},
  YEAR={2013},
  TITLE={Data Assimilation with {Gaussian Mixture Models using the Dynamically Orthogonal} Field Equations. {Part I}: Theory and Scheme.},
  JOURNAL={Monthly Weather Review},
  VOLUME={141},
  NUMBER={6},
  PAGES={1737--1760},
  DOI={10.1175/MWR-D-11-00295.1}
}

@ARTICLE{sondergaard_lermusiaux_MWR2013_part2,
  AUTHOR={Sondergaard, T. and P. F. J. Lermusiaux},
  YEAR={2013},
  TITLE={Data Assimilation with {Gaussian Mixture Models using the Dynamically Orthogonal} Field Equations. {Part II}: Applications.},
  JOURNAL={Monthly Weather Review},
  VOLUME={141},
  NUMBER={6},
  PAGES={1761--1785},
  DOI={10.1175/MWR-D-11-00296.1}
}

@ARTICLE{ueckermann_et_al_JCP2013,
  AUTHOR  = {M. P. Ueckermann and P. F. J. Lermusiaux and T. P. Sapsis},
  YEAR    = {2013},
  TITLE   = {Numerical schemes for dynamically orthogonal equations of stochastic fluid and ocean flows},
  JOURNAL = {Journal of Computational Physics},
  VOLUME  = {233},
  NUMBER  = {},
  month   = jan,
  PAGES   = {272--294},
  DOI     = {10.1016/j.jcp.2012.08.041},
}

%-------------------------------------------------------------------------------
% 2012
%-------------------------------------------------------------------------------

@article{rixen_et_al_OD2012,
  title={Quantifying, predicting, and exploiting uncertainties in marine environments},
  author={Rixen, Michel and Lermusiaux, Pierre F. J. and Osler, John},
  journal={Ocean Dynamics},
  volume={62},
  number={3},
  pages={495--499},
  year={2012},
  publisher={Springer},
  DOI     = {10.1007/s10236-012-0526-8}
}

@article{sapsis_lermusiaux_PHYSD2012,
  title={Dynamical criteria for the evolution of the stochastic dimensionality in flows with uncertainty},
  author={Sapsis, Themistoklis P. and Lermusiaux, Pierre F. J.},
  journal={Physica D: Nonlinear Phenomena},
  volume={241},
  number={1},
  pages={60--76},
  year={2012},
  doi={10.1016/j.physd.2011.10.001},
  publisher={Elsevier}
}

%-------------------------------------------------------------------------------
% 2011
%-------------------------------------------------------------------------------

@ARTICLE{agarwal_lermusiaux_OM2011,
  AUTHOR  = {A. Agarwal and P. F. J. Lermusiaux},
  TITLE   = {Statistical field estimation for complex coastal regions and archipelagos},
  YEAR    = {2011},
  month   = {},
  JOURNAL = {Ocean Modelling},
  VOLUME  = {40},
  NUMBER  = {2},
  PAGES   = {164--189},
  DOI     = {10.1016/j.ocemod.2011.08.001},
}

@ARTICLE{evangelinos_et_al_IEEE2011,
  AUTHOR  = {Evangelinos, C. and P. F. J. Lermusiaux and J. Xu and P. J. Haley and C. N. Hill},
  YEAR    = {2011},
  month   = jun,
  TITLE   = {Many Task Computing for Real-Time Uncertainty Prediction and Data Assimilation in the Ocean},
  JOURNAL = {IEEE Transactions on Parallel and Distributed Systems},
  EDITOR  = {I. Raicu and I. T. Foster and Y. Zhao},
  VOLUME  = {22},
  NUMBER  = {6},
  PAGES   = {1012--1024},
  DOI     = {10.1109/TPDS.2011.64},
  NOTE    = {{S}pecial Section on Many-Task Computing},
}

@ARTICLE{gangopadhyay_et_al_DAO2011,
  AUTHOR  = {Avijit Gangopadhyay and Pierre F.J. Lermusiaux and Leslie Rosenfeld and Allan R. Robinson and Leandro Calado and Hyun Sook Kim and Wayne G. Leslie and Haley, Jr., Patrick J.},
  YEAR    = {2011},
  month   = sep,
  TITLE   = {The {C}alifornia {C}urrent System: A multiscale overview and the development of a feature-oriented regional modeling system ({FORMS})},
  JOURNAL = {Dynamics of Atmospheres and Oceans},
  VOLUME  = {52},
  NUMBER  = {1--2},
  PAGES   = {131--169},
  NOTE    = {{S}pecial issue of Dynamics of Atmospheres and Oceans in honor of Prof. A. R. Robinson},
  DOI     = {10.1016/j.dynatmoce.2011.04.003}
}

@ARTICLE{gawarkiewicz_et_al_OCEANO2011,
  AUTHOR  = {Gawarkiewicz, G. and S. Jan and P. F. J. Lermusiaux and J. L. McClean and L. Centurioni and K. Taylor and B. Cornuelle and T. F. Duda and J. Wang and Y. J. Yang and T. Sanford and R.-C. Lien and C. Lee and M.-A. Lee and W. Leslie and Haley, Jr., P. J. and P. P. Niiler and G. Gopalakrishnan and P. Velez-Belchi and D.-K. Lee and Y. Y. Kim},
  YEAR    = {2011},
  TITLE   = {Circulation and intrusions northeast of {T}aiwan: Chasing and predicting uncertainty in the cold dome.},
  JOURNAL = {Oceanography},
  VOLUME  = {24},
  NUMBER  = {4},
  PAGES   = {110-121},
  DOI	  = {10.5670/oceanog.2011.99}
}

@ARTICLE{lermusiaux_et_al_Oceanog2011,
  AUTHOR  = {P. F. J. Lermusiaux and P. J. Haley and W. G. Leslie and A. Agarwal and O. Logutov and L. J. Burton},
  YEAR    = {2011},
  month   = {},
  TITLE   = {Multiscale Physical and Biological Dynamics in the {P}hilippine {A}rchipelago: Predictions and Processes},
  JOURNAL = {Oceanography},
  VOLUME  = {24},
  NUMBER  = {1},
  PAGES   = {70--89},
  DOI     = {10.5670/oceanog.2011.05},
  NOTE    = {{S}pecial Issue on the Philippine Straits Dynamics Experiment}
}

@ARTICLE{lermusiaux_et_al_DAO2011,
  AUTHOR  = {Lermusiaux, P. F. J and A. J. Miller and N. Pinardi},
  YEAR    = {2011},
  month   = sep,
  TITLE   = {Special issue of {D}ynamics of {A}tmospheres and {O}ceans in honor of {Prof. A. R. Robinson}},
  JOURNAL = {Dynamics of Atmospheres and Oceans},
  VOLUME  = {52},
  NUMBER  = {1--2},
  PAGES   = {1--3},
  DOI     = {10.1016/j.dynatmoce.2011.08.001},
  NOTE    = {{E}ditorial}
}

@ARTICLE{ramp_et_al_DAO2011,
  AUTHOR  = {Steven R. Ramp and Pierre F. J. Lermusiaux and Igor Shulman and Yi Chao and Rebecca E. Wolf and Frederick L. Bahr},
  YEAR    = {2011},
  month   = sep,
  TITLE   = {Oceanographic and atmospheric conditions on the continental shelf north of the {M}onterey {B}ay during {A}ugust 2006},
  JOURNAL = {Dynamics of Atmospheres and Oceans},
  VOLUME  = {52},
  NUMBER  = {1--2},
  PAGES   = {192--223},
  NOTE    = {{S}pecial issue of Dynamics of Atmospheres and Oceans in honor of Prof. A. R. Robinson},
  DOI     = {10.1016/j.dynatmoce.2011.04.005}
}


%-------------------------------------------------------------------------------
% 2010
%-------------------------------------------------------------------------------

@ARTICLE{haley_lermusiaux_OD2010,
  AUTHOR  = {Haley, Jr., Patrick J. and Pierre F. J. Lermusiaux},
  YEAR    = {2010},
  month   = dec,
  TITLE   = {Multiscale two-way embedding schemes for free-surface primitive equations in the ``{M}ultidisciplinary {S}imulation, {E}stimation and {A}ssimilation {S}ystem''},
  JOURNAL = {Ocean Dynamics},
  VOLUME  = {60},
  NUMBER  = {6},
  PAGES   = {1497--1537},
  DOI     = {10.1007/s10236-010-0349-4}
}

@ARTICLE{lermusiaux_et_al_JOE2010,
  AUTHOR  = {Pierre F. J. Lermusiaux and Jinshan Xu and Chi-Fang Chen and Sen Jan and Chiu, L.Y. and Yiing-Jang Yang},
  YEAR    = {2010},
  month   = oct,
  TITLE   = {Coupled Ocean--Acoustic Prediction of Transmission Loss in a Continental Shelfbreak Region: Predictive Skill, Uncertainty Quantification, and Dynamical Sensitivities},
  JOURNAL = {IEEE Journal of Oceanic Engineering},
  VOLUME  = {35},
  NUMBER  = {4},
  PAGES   = {895--916},
  DOI     = {10.1109/JOE.2010.2068611},
  NOTE    = {}
}

@ARTICLE{lin_et_al_JOE2010,
  AUTHOR  = {Ying-Tsong Lin and Newhall, A. E. and Duda, T. F. and Lermusiaux, P. F. J. and Haley, P. J.},
  YEAR    = {2010},
  month   = oct,
  TITLE   = {Merging Multiple-Partial-Depth Data Time Series Using Objective Empirical Orthogonal Function Fitting},
  JOURNAL = {IEEE Journal of Oceanic Engineering},
  VOLUME  = {35},
  NUMBER  = {4},
  PAGES   = {710--721},
  DOI     = {10.1109/JOE.2010.2052875}
}

@ARTICLE{schofield_et_al_EOS2010,
  AUTHOR  = {Schofield, O. and S. Glenn and J. Orcutt and M. Arrott and M. Meisinger and A. Gangopadhyay and W. Brown and R. Signell and M. Moline and Y. Chao and S. Chien and D. Thompson and A. Balasuriya and P. F. J. Lermusiaux and M. Oliver},
  YEAR    = {2010},
  month   = sep,
  TITLE   = {Automated Sensor Networks to Advance Ocean Science},
  JOURNAL = {Eos Trans. AGU},
  VOLUME  = {91},
  NUMBER  = {39},
  PAGES   = {345--346},
  DOI     = {10.1029/2010EO390001}
}

@ARTICLE{ueckermann_lermusiaux_OD2010,
  AUTHOR  = {M. P. Ueckermann and P. F. J. Lermusiaux},
  YEAR    = {2010},
  month   = dec,
  TITLE   = {High Order Schemes for {2D} Unsteady Biogeochemical Ocean Models},
  JOURNAL = {Ocean Dynamics},
  VOLUME  = {60},
  NUMBER  = {6},
  PAGES   = {1415--1445},
  DOI     = {10.1007/s10236-010-0351-x},
}

@Article{deleersnijder_et_al_OD2010,
  author = 	 {Eric Deleersnijder and Vincent Legat and Pierre F. J. Lermusiaux},
  title = 	 {Multi-scale modelling of coastal, shelf and global ocean dynamics},
  journal = 	 {Ocean Dynamics},
  year = 	 {2010},
  OPTkey = 	 {},
  volume = 	 {60},
  number = 	 {6},
  pages = 	 {1357--1359},
  month = 	 dec,
  note = 	 {},
  doi = {10.1007/s10236-010-0363-6},
  OPTannote = 	 {}
}

%-------------------------------------------------------------------------------
% 2009
%-------------------------------------------------------------------------------

@Article{ramp_et_al_DSR2009,
  author = 	 {S. R. Ramp and R. E. Davis and N. E. Leonard and I. Shulman and Y. Chao and A. R. Robinson and J. Marsden and P. F. J. Lermusiaux and D. M. Fratantoni and J. D. Paduan and F. P. Chavez and F. L. Bahr and S. Liang and W. Leslie and Z. Li},
  title = 	 {Preparing to predict: The Second {A}utonomous {O}cean {S}ampling {N}etwork ({AOSN-II}) experiment in the {M}onterey {B}ay},
  journal = 	 {Deep Sea Research Part II: Topical Studies in Oceanography},
  year = 	 {2009},
  OPTkey = 	 {},
  volume = 	 {56},
  number = 	 {3--5},
  pages = 	 {68--86},
  month = 	 feb,
  note = {},
  doi = 	 {10.1016/j.dsr2.2008.08.013},
  OPTannote = 	 {}
}


@Article{cossarini_et_al_JGR2009,
  author = 	 {G. Cossarini and P. F. J. Lermusiaux and C. Solidoro},
  title = 	 {Lagoon of {V}enice ecosystem: Seasonal dynamics and environmental guidance with uncertainty analyses and error subspace data assimilation},
  journal = 	 {Journal of Geophysical Research: Oceans},
  year = 	 {2009},
  OPTkey = 	 {},
  volume = 	 {114},
  number = 	 {C6},
  OPTpages = 	 {},
  month = 	 jun,
  note = {},
  doi = 	 {10.1029/2008JC005080},
  OPTannote = 	 {}
}


@Article{haley_et_al_DSR2009,
  author = 	 {Haley, Jr., P. J. and P. F. J. Lermusiaux and A. R. Robinson and W. G. Leslie and O. Logoutov and G. Cossarini and X. S. Liang and P. Moreno and S. R. Ramp and J. D. Doyle and J. Bellingham and F. Chavez and S. Johnston},
  title = 	 {Forecasting and reanalysis in the {M}onterey {B}ay/{C}alifornia {C}urrent region for the {A}utonomous {O}cean {S}ampling {N}etwork-{II} experiment},
  journal = 	 {Deep Sea Research Part II: Topical Studies in Oceanography},
  year = 	 {2009},
  OPTkey = 	 {},
  volume = 	 {56},
  number = 	 {3--5},
  pages = 	 {127--148},
  month = 	 feb,
  note = {},
  doi = 	 {10.1016/j.dsr2.2008.08.010},
  OPTannote = 	 {}
}


@Article{lam_et_al_JMS2009,
  author = 	 {Frans-Peter A. Lam and Haley, Jr., Patrick J. and Jeroen Janmaat and Pierre F. J. Lermusiaux and Wayne G. Leslie and Mathijs W. Schouten and Lianke A. te Raa and Michel Rixen},
  title = 	 {At-sea real-time coupled four-dimensional oceanographic and acoustic forecasts during {B}attlespace {P}reparation 2007},
  journal = 	 {Journal of Marine Systems},
  year = 	 {2009},
  OPTkey = 	 {},
  volume = 	 {78},
  number = 	 {Supplement},
  pages = 	 {S306--S320},
  month = 	 nov,
  note = {},
  doi = 	 {10.1016/j.jmarsys.2009.01.029},
  OPTannote = 	 {}
}


@Article{wang_et_al_JMS2009,
  author = 	 {Ding Wang and Pierre F. J. Lermusiaux and Haley, Jr., Patrick J. and Donald Eickstedt and Wayne G. Leslie and Henrik Schmidt},
  title = 	 {Acoustically focused adaptive sampling and on-board routing for marine rapid environmental assessment},
  journal = 	 {Journal of Marine Systems},
  year = 	 {2009},
  OPTkey = 	 {},
  volume = 	 {78},
  number = 	 {Supplement},
  pages = 	 {S393--S407},
  month = 	 nov,
  note = {},
  doi = 	 {10.1016/j.jmarsys.2009.01.037},
  OPTannote = 	 {}
}


@Article{sapsis_lermusiaux_PD2009,
  author = 	 {Themistoklis P. Sapsis and Pierre F. J. Lermusiaux},
  title = 	 {Dynamically orthogonal field equations for continuous stochastic dynamical systems},
  journal = 	 {Physica D: Nonlinear Phenomena},
  year = 	 {2009},
  OPTkey = 	 {},
  volume = 	 {238},
  number = 	 {23--24},
  pages = 	 {2347--2360},
  month = 	 dec,
  note =     {},
  doi = 	 {10.1016/j.physd.2009.09.017},
  OPTannote = 	 {}
}


%-------------------------------------------------------------------------------
% 2008
%-------------------------------------------------------------------------------

@article{logutov_lermusiaux_OM2008,
title = "Inverse barotropic tidal estimation for regional ocean applications ",
journal = "Ocean Modelling",
volume = "25",
number = "1--2",
pages = "17--34",
year = "2008",
note = "",
issn = "1463-5003",
doi = {10.1016/j.ocemod.2008.06.004},
url = "http://www.sciencedirect.com/science/article/pii/S1463500308000851",
author={{Logutov}, O.~G. and {Lermusiaux}, P.~F.~J.}
}

@article{leslie_et_al_JMS2008,
  title={Verification and training of real-time forecasting of multi-scale ocean dynamics for maritime rapid environmental assessment},
  author={{Leslie}, W.~G. and {Robinson}, A.~R. and {Haley}, Jr, P.~J. and {Logutov}, O. and {Moreno}, P.~A. and {Lermusiaux}, P.~F.~J. and {Coelho}, E.},
  journal={Journal of Marine Systems},
  volume={69},
  number={1},
  pages={3--16},
  year={2008},
  publisher={Elsevier},
  doi={10.1016/j.jmarsys.2007.02.001}
}

@Article{logutov_OD2008,
  author = 	 {Oleg G. Logutov},
  title = 	 {A multigrid methodology for assimilation of measurements into regional tidal models},
  journal = 	 {Ocean Dynamics},
  year = 	 {2008},
  OPTkey = 	 {},
  volume = 	 {58},
  number = 	 {5--6},
  pages = 	 {441--460},
  month = 	 dec,
  note = {},
  doi = 	 {10.1007/s10236-008-0163-4},
  OPTannote = 	 {}
}


@Article{yilmaz_et_al_JOE2008,
  author = 	 {Namik Kemal Yilmaz and Constantinos Evangelinos and Pierre F. J. Lermusiaux and Nicholas M. Patrikalakis},
  title = 	 {Path Planning of Autonomous Underwater Vehicles for Adaptive Sampling Using Mixed Integer Linear Programming},
  journal = 	 {IEEE Journal of Oceanic Engineering},
  year = 	 {2008},
  OPTkey = 	 {},
  volume = 	 {33},
  number = 	 {4},
  pages = 	 {522--537},
  month = 	 oct,
  note = {},
  doi = 	 {10.1109/JOE.2008.2002105},
  OPTannote = 	 {}
}


@Article{deleersnijder_lermusiaux_OD2008,
  author = 	 {Eric Deleersnijder and Pierre F. J. Lermusiaux},
  title = 	 {Multi-scale modeling: nested-grid and unstructured-mesh approaches},
  journal = 	 {Ocean Dynamics},
  year = 	 {2008},
  OPTkey = 	 {},
  volume = 	 {58},
  number = 	 {5--6},
  pages = 	 {335--336},
  month = 	 dec,
  note = {},
  doi = 	 {10.1007/s10236-008-0170-5},
  OPTannote = 	 {}
}

%-------------------------------------------------------------------------------
% 2007
%-------------------------------------------------------------------------------

@article{lermusiaux_PhysD2007,
  title={Adaptive modeling, adaptive data assimilation and adaptive sampling},
  author={{Lermusiaux}, P.~F.~J},
  journal={Physica D: Nonlinear Phenomena},
  volume={230},
  number={1},
  pages={172--196},
  year={2007},
  publisher={Elsevier},
  doi={10.1016/j.physd.2007.02.014}
}

@article{lermusiaux_et_al_ST2007,
  title={Environmental prediction, path planning and adaptive sampling:~Sensing and modeling for efficient ocean monitoring, management and pollution control},
  author={{Lermusiaux}, P.~F.~J and {Haley}, Jr, P.~J. and {Yilmaz}, N.~K.},
  journal={Sea Technology},
  volume={48},
  number={9},
  pages={35--38},
  year={2007},
  publisher={COMPASS PUBLICATIONS, INC 1501 WILSON BLVD., STE 1001, ARLINGTON, VA 22209-2403 USA}
}

@article {heaney_et_al_JFR2007,   
  author = {Heaney, Kevin D. and Gawarkiewicz, Glen and Duda, Timothy F. and Lermusiaux, Pierre F. J.},
  title = {Nonlinear optimization of autonomous undersea vehicle sampling strategies for oceanographic data-assimilation},
  journal = {Journal of Field Robotics},
  volume = {24},
  number = {6},
  publisher = {Wiley Subscription Services, Inc., A Wiley Company},
  issn = {1556-4967},
  doi = {10.1002/rob.20183},   
  pages = {437--448},
  year = {2007}
}

%-------------------------------------------------------------------------------
% 2006
%-------------------------------------------------------------------------------

@article {lermusiaux_et_al_O2006a, 
  author = {Lermusiaux, Pierre F. J. and Malanotte-Rizzoli, P. and Stammer, D. and Carton, J. and Cummings, J. and Moore, A. M.},
  title = {Progress and prospects of {U.S.} data assimilation in ocean research},
  journal = {Oceanography},
  volume = {19},
  number = {1},
  doi = {10.5670/oceanog.2006.102},   
  pages = {172--183},
  year = {2006}
}


@ARTICLE{lermusiaux_JCP2006,
   author = {{Lermusiaux}, P.~F.~J.},
    title = "{Uncertainty estimation and prediction for interdisciplinary ocean dynamics}",
  journal = {Journal of Computational Physics},
     year = {2006},
   volume = {217},
  NUMBER  = {1},
    pages = {176--199},
      doi = {10.1016/j.jcp.2006.02.010},
   adsurl = {http://adsabs.harvard.edu/abs/2006JCoPh.217..176L},
  adsnote = {Provided by the SAO/NASA Astrophysics Data System}
}

@article {lermusiaux_et_al_O2006b,
  author = {{Lermusiaux}, P.~F.~J. and {Chiu}, C.-S. and {Gawarkiewicz}, G.~G. and {Abbot}, P. and {Robinson}, A.~R. and {Miller}, R.~N. and {Haley}, Jr, P.~J. and {Leslie}, W.~G. and {Majumdar}, S.~J. and {Pang}, A. and {Lekien}, F.},
  title = {Quantifying Uncertainties in Ocean Predictions},
  journal = {Oceanography},
  volume = {19},
  number = {1},
  pages = {92--105},
  year = {2006},
  doi = {10.5670/oceanog.2006.93}
}

@article{evangelinos_et_al_OM2006,
  title={Web-enabled configuration and control of legacy codes: An application to ocean modeling},
  author={{Evangelinos}, C. and {Lermusiaux}, P.~F.~J. and {Geiger}, S.~K. and {Chang}, R.~C. and {Patrikalakis}, N.~M.},
  journal={Ocean Modelling},
  volume={13},
  number={3},
  pages={197--220},
  year={2006},
  publisher={Elsevier},
  doi = {10.1016/j.ocemod.2005.10.002}
}

%-------------------------------------------------------------------------------
% 2004
%-------------------------------------------------------------------------------

@incollection{lermusiaux_et_al_CS2004,
  year={2004},
  isbn={978-3-540-22116-6},
  booktitle={Computational Science - ICCS 2004},
  volume={3038},
  series={Lecture Notes in Computer Science},
  doi={10.1007/978-3-540-24688-6\_89},
  title={Adaptive Coupled Physical and Biogeochemical Ocean Predictions: A Conceptual Basis},
  publisher={Springer Berlin Heidelberg},
  author={{Lermusiaux}, P.~F.~J. and {Evangelinos}, C. and {Tian}, R. and {Haley}, Jr, P.~J. and {McCarthy}, J.~J. and {Patrikalakis}, N.~M. and {Robinson}, A.~R. and {Schmidt}, H.},
  pages={685--692}
}

%-------------------------------------------------------------------------------
% 2003
%-------------------------------------------------------------------------------

@ARTICLE{besiktepe_et_al_JMR2003,
   author = {{Be{\c s}iktepe}, {\c S}.~T. and {Lermusiaux}, P.~F.~J. and 
	{Robinson}, A.~R.},
    title = "{Coupled physical and biogeochemical data-driven simulations of Massachusetts Bay in late summer: real-time and post-cruise data assimilation}",
  journal = {Journal of Marine Systems},
     year = 2003,
   volume = {40--41},
    pages = {171--212},
      doi = {10.1016/S0924-7963(03)00018-6},
   adsurl = {http://adsabs.harvard.edu/abs/2003JMS....40..171B},
  adsnote = {Provided by the SAO/NASA Astrophysics Data System}
}

@article{gregoire_et_al_JMS2003,
  title={The Use of Data Assimilation in Coupled Hydrodynamic, Ecological and Biogeochemical Models of the Ocean},
  author={Gr{\'e}goire, Marilaure and Brasseur, Pierre and Lermusiaux, Pierre},
  journal={Journal of Marine Systems},
  volume={40},
  number={1--3},
  year={2003},
  publisher={Elsevier Science},
  doi = {10.1016/S0924-7963(03)00027-7}
}

@article{onken_et_al_JGR2003,
  title={Data-driven simulations of synoptic circulation and transports in the {T}unisia-{S}ardinia-{S}icily region},
  author={Onken, Reiner and Robinson, Allan R. and Lermusiaux, Pierre F. J. and Haley, Patrick J. and Anderson, Larry A.},
  journal={Journal of Geophysical Research: Oceans},
  volume={108},
  number={C9},
  year={2003},
  doi = {10.1029/2002JC001348}
}

%-------------------------------------------------------------------------------
% 2002
%-------------------------------------------------------------------------------

@article{djurcilov_et_al_CG2002,
  title={Visualizing Scalar Volumetric Data with Uncertainty},
  author={Djurcilov, Suzana and Kim, Kwansik and Lermusiaux, Pierre and Pang, Alex},
  journal={Computers and Graphics},
  volume={26},
  number={2},
  pages={239--248},
  year={2002},
  publisher={Elsevier},
  doi = {10.1016/S0097-8493(02)00055-9}
}

@article{lermusiaux_JAOT2002,
  title={On the Mapping of Multivariate Geophysical Fields: Sensitivities to Size, Scales, and Dynamics},
  author={Lermusiaux, P. F. J.},
  journal={Journal of Atmospheric and Oceanic Technology},
  volume={19},
  number={10},
  pages={1602--1637},
  year={2002},
  doi = {10.1175/1520-0426(2002)019<1602:OTMOMG>2.0.CO;2}
}

@incollection{robinson_lermusiaux_Sea2002,
title={Data Assimilation for Modeling and Predicting Coupled Physical--Biological Interactions in the Sea},
author={Robinson, Allan R. and Lermusiaux, Pierre F. J.},
booktitle={Biological-Physical Interactions in the Sea},
editor={Robinson, Allan R. and McCarthy, James J. and Rothschild, Brian J.},
series={The Sea},
volume={12},
type={Chapter},
chapter={12},
pages={475--536},
year={2002},
publisher={John Wiley and Sons},
address={New York}
}

%-------------------------------------------------------------------------------
% 2001
%-------------------------------------------------------------------------------

@article{lermusiaux_JMS2001,
  title={Evolving the Subspace of the Three-Dimensional Multiscale Ocean Variability: Massachusetts Bay},
  author={Lermusiaux, P. F. J.},
  journal={Journal of Marine Systems},
  volume={29},
  number={1},
  pages={385--422},
  year={2001},
  publisher={Elsevier},
  doi={10.1016/S0924-7963(01)00025-2}
}

@article{lermusiaux_robinson_DSR2001,
  title={Features of Dominant Mesoscale Variability, Circulation Patterns and Dynamics in the Strait of Sicily},
  author={Lermusiaux, P. F. J. and Robinson, A. R.},
  journal={Deep Sea Research Part I: Oceanographic Research Papers},
  volume={48},
  number={9},
  pages={1953--1997},
  year={2001},
  publisher={Elsevier},
  doi = {10.1016/S0967-0637(00)00114-X}
}

%-------------------------------------------------------------------------------
% 2000
%-------------------------------------------------------------------------------

@article{lermusiaux_et_al_QJRMS2000,
  title={On the Mapping of Multivariate Geophysical Fields: Error and Variability Subspace Estimates},
  author={Lermusiaux, P. F. J. and Anderson, D. G. M. and Lozano, C. J.},
  journal={Quarterly Journal of the Royal Meteorological Society},
  volume={126},
  number={565},
  pages={1387--1429},
  year={2000},
  publisher={Wiley Online Library},
  doi = {10.1256/smsqj.56509}
}

%-------------------------------------------------------------------------------
% 1999
%-------------------------------------------------------------------------------

@article{lermusiaux_robinson_MWR1999,
  title={Data Assimilation via {E}rror {S}ubspace {S}tatistical {E}stimation, Part {I}: Theory and Schemes},
  author={Lermusiaux, Pierre F. J. and Robinson, A. R.},
  journal={Monthly Weather Review},
  volume={127},
  number={7},
  pages={1385--1407},
  year={1999},
  doi = {10.1175/1520-0493(1999)127<1385:DAVESS>2.0.CO;2}
}

@article{lermusiaux_MWR1999,
  author =  {Lermusiaux, P. F. J.}, 
  title = {Data Assimilation via {E}rror {S}ubspace {S}tatistical {E}stimation, Part {II}: Mid-{A}tlantic {B}ight Shelfbreak Front Simulations, and {ESSE} Validation},
  journal = {Monthly Weather Review},
  volume = {127},
  number = {7},
  pages = {1408--1432},
  year = {1999},
  month = jul,
  doi = {10.1175/1520-0493(1999)127<1408:DAVESS>2.0.CO;2}
}

@article{lermusiaux_DAO1999,
  title={Estimation and Study of Mesoscale Variability in the {S}trait of {S}icily},
  author={Lermusiaux, P. F. J.},
  journal={Dynamics of Atmospheres and Oceans},
  volume={29},
  number={2},
  pages={255--303},
  year={1999},
  publisher={Elsevier},
  doi={10.1016/S0377-0265(99)00008-1}
}

@article{robinson_et_al_JMS1999,
  title={The {A}tlantic {}Ionian {S}tream},
  author={Robinson, A. R. and Sellschopp, J. and Warn-Varnas, A. and Leslie, W. G. and Lozano, C. J. and Haley Jr, P. J. and Anderson, L. A. and Lermusiaux, P. F. J.},
  journal={Journal of Marine Systems},
  volume={20},
  number={1},
  pages={129--156},
  year={1999},
  publisher={Elsevier},
  doi = {10.1016/S0924-7963(98)00079-7}
}

%-------------------------------------------------------------------------------
% 1996
%-------------------------------------------------------------------------------

@article{miller_et_al_JPO1996,
  title={A Topographic-{R}ossby Mode Resonance Over the {I}celand-{F}aeroe Ridge},
  author={Miller, Arthur J. and Lermusiaux, Pierre F. J. and Poulain, Pierre-Marie},
  journal={Journal of physical oceanography},
  volume={26},
  number={12},
  pages={2735--2747},
  year={1996},
  doi = {10.1175/1520-0485(1996)026<2735:ATMROT>2.0.CO;2}
}

%%%%%%%%%%%%%%%%%%%%%%%%%%%%%%%%%%%%%%%%%%%%%%%%%%%%%%%%%%%%%%%%%%%%%%%%%%%%%%%%
% Proceedings of Refereed Conferences
%%%%%%%%%%%%%%%%%%%%%%%%%%%%%%%%%%%%%%%%%%%%%%%%%%%%%%%%%%%%%%%%%%%%%%%%%%%%%%%%

%-------------------------------------------------------------------------------
% Not yet in print
%-------------------------------------------------------------------------------

@InProceedings{kulkarni_et_al_Oceans2018,
  author = 	 {C. S. Kulkarni and Haley, Jr., P. J. and P. F. J. Lermusiaux and A. Dutt and A. Gupta and C. Mirabito and D. N. Subramani and S. Jana and W. H. Ali and T. Peacock and C. M. Royo and A. Rzeznik and R. Supekar},
  title = 	 {Real-Time Sediment Plume Modeling in the {S}outhern {C}alifornia {B}ight},
  OPTcrossref =  {},
  OPTkey = 	 {},
  booktitle = {OCEANS Conference 2018},
  OPTpages = 	 {},
  year = 	 {2018},
  OPTeditor = 	 {},
  OPTvolume = 	 {},
  OPTnumber = 	 {},
  OPTseries = 	 {},
  address = 	 {Charleston, SC},
  month = 	 oct,
  organization = {IEEE},
  OPTpublisher = {},
  note = 	 {In press},
  OPTannote = 	 {},
  OPTdoi = 	 {}
}

@InProceedings{ferris_et_al_Oceans2018,
  author = 	 {D. L. Ferris and D. N. Subramani and C. S. Kulkarni and P. J. Haley and P. F. J. Lermusiaux},
  title = 	 {Time-Optimal Multi-Waypoint Mission Planning in Dynamic Environments},
  OPTcrossref =  {},
  OPTkey = 	 {},
  booktitle = {OCEANS Conference 2018},
  OPTpages = 	 {},
  year = 	 {2018},
  OPTeditor = 	 {},
  OPTvolume = 	 {},
  OPTnumber = 	 {},
  OPTseries = 	 {},
  address = 	 {Charleston, SC},
  month = 	 oct,
  organization = {IEEE},
  OPTpublisher = {},
  note = 	 {In press},
  OPTannote = 	 {},
  OPTdoi = 	 {}
}

@InProceedings{foucart_et_al_Oceans2018,
  author = 	 {C. Foucart and C. Mirabito and Haley, Jr., P. J. and P. F. J. Lermusiaux},
  title = 	 {Distributed Implementation and Verification of Hybridizable Discontinuous {G}alerkin Methods for Nonhydrostatic Ocean Processes},
  OPTcrossref =  {},
  OPTkey = 	 {},
  booktitle = {OCEANS Conference 2018},
  OPTpages = 	 {},
  year = 	 {2018},
  OPTeditor = 	 {},
  OPTvolume = 	 {},
  OPTnumber = 	 {},
  OPTseries = 	 {},
  address = 	 {Charleston, SC},
  month = 	 oct,
  organization = {IEEE},
  OPTpublisher = {},
  note = 	 {In press},
  OPTannote = 	 {},
  OPTdoi = 	 {}
}

@InProceedings{deluca_et_al_Oceans2018,
  author = {S. Deluca and S. Zanforlin and B. Rocchio and P. J. Haley and C. Foucart and C. Mirabito and P. F. J. Lermusiaux},
  title = 	 {Scalable Coupled Ocean and Water Turbine Modeling for Assessing Ocean Energy Extraction},
  OPTcrossref =  {},
  OPTkey = 	 {},
  booktitle = {OCEANS Conference 2018},
  OPTpages = 	 {},
  year = 	 {2018},
  OPTeditor = 	 {},
  OPTvolume = 	 {},
  OPTnumber = 	 {},
  OPTseries = 	 {},
  address = 	 {Charleston, SC},
  month = 	 oct,
  organization = {IEEE},
  OPTpublisher = {},
  note = 	 {In press},
  OPTannote = 	 {},
  OPTdoi = 	 {}
}

@InProceedings{dutt_et_al_Oceans2018,
  author = 	 {Arkopal Dutt and Deepak N. Subramani and Chinmay S. Kulkarni and Pierre F. J. Lermusiaux},
  title = 	 {Clustering of Massive Ensemble of Vehicle Trajectories in Strong, Dynamic and Uncertain Ocean Flows},
  OPTcrossref =  {},
  OPTkey = 	 {},
  booktitle = {OCEANS Conference 2018},
  OPTpages = 	 {},
  year = 	 {2018},
  OPTeditor = 	 {},
  OPTvolume = 	 {},
  OPTnumber = 	 {},
  OPTseries = 	 {},
  address = 	 {Charleston, SC},
  month = 	 oct,
  organization = {IEEE},
  OPTpublisher = {},
  note = 	 {In press},
  OPTannote = 	 {},
  OPTdoi = 	 {}
}

%-------------------------------------------------------------------------------
% 2017
%-------------------------------------------------------------------------------

@InProceedings{coulin_et_al_Oceans2017,
  author = 	 {J. Coulin and Haley, Jr., P. J. and S. Jana and C. S. Kulkarni and P. F. J. Lermusiaux and T. Peacock},
  title = 	 {Environmental Ocean and Plume Modeling for Deep Sea Mining in the Bismarck Sea},
  OPTcrossref =  {},
  OPTkey = 	 {},
  booktitle = {Oceans 2017 - Anchorage},
  year = 	 {2017},
  OPTeditor = 	 {},
  OPTvolume = 	 {},
  OPTnumber = 	 {},
  OPTseries = 	 {},
  OPTpages = 	 {},
  month = 	 sep,
  address = 	 {Anchorage, AK},
  OPTorganization = {IEEE},
  OPTpublisher = {},
  note = 	 {},
  OPTannote = 	 {}
}

@InProceedings{mirabito_et_al_Oceans2017,
  author = 	 {C. Mirabito and D. N. Subramani and T. Lolla and Haley, Jr., P. J. and A. Jain and P. F. J. Lermusiaux and C. Li and D. K. P. Yue and Y. Liu and F. S. Hover and N. Pulsone and J. Edwards and K. E. Railey and G. Shaw},
  title = 	 {Autonomy for Surface Ship Interception},
  OPTcrossref =  {},
  OPTkey = 	 {},
  booktitle = {Oceans '17 MTS/IEEE Conference},
  OPTpages = 	 {},
  year = 	 {2017},
  OPTeditor = 	 {},
  OPTvolume = 	 {},
  OPTnumber = 	 {},
  OPTseries = 	 {},
  address = 	 {Aberdeen},
  month = 	 jun,
  OPTorganization = {},
  OPTpublisher = {},
  note = 	 {},
  OPTannote = 	 {},
  doi = {10.1109/OCEANSE.2017.8084817}
}

@InProceedings{edwards_et_al_Oceans2017,
  author = 	 {J. Edwards and J. Smith and A. Girard and D. Wickman and D. N. Subramani and C. S. Kulkarni and Haley, Jr., P. J. and C. Mirabito and S. Jana and P. F. J. Lermusiaux},
  title = 	 {Data-driven Learning and Modeling of {AUV} Operational Characteristics for Optimal Path Planning},
  OPTcrossref =  {},
  OPTkey = 	 {},
  booktitle = {Oceans '17 MTS/IEEE Conference},
  OPTpages = 	 {},
  year = 	 {2017},
  OPTeditor = 	 {},
  OPTvolume = 	 {},
  OPTnumber = 	 {},
  OPTseries = 	 {},
  address = 	 {Aberdeen},
  month = 	 jun,
  OPTorganization = {},
  OPTpublisher = {},
  note = 	 {},
  OPTannote = 	 {},
  doi = {10.1109/OCEANSE.2017.8084779}
}

@InProceedings{subramani_et_al_Oceans2017,
  author = 	 {D. N. Subramani and P. F. J. Lermusiaux and Haley, Jr., P. J. and C. Mirabito and S. Jana and C. S. Kulkarni and A. Girard and D. Wickman and J. Edwards and J. Smith},
  title = 	 {Time-Optimal Path Planning: {R}eal-Time Sea Exercises},
  OPTcrossref =  {},
  OPTkey = 	 {},
  booktitle = {Oceans '17 MTS/IEEE Conference},
  OPTpages = 	 {},
  year = 	 {2017},
  OPTeditor = 	 {},
  OPTvolume = 	 {},
  OPTnumber = 	 {},
  OPTseries = 	 {},
  address = 	 {Aberdeen},
  month = 	 jun,
  OPTorganization = {},
  OPTpublisher = {},
  note = 	 {},
  OPTannote = 	 {},
  doi = {10.1109/OCEANSE.2017.8084776}
}

@InProceedings{sun_et_al_ACC2017,
  author = 	 {W. Sun and P. Tsiotras and T. Lolla and D. N. Subramani and P. F. J. Lermusiaux},
  title = 	 {Pursuit-Evasion Games in Dynamic Flow Fields via Reachability Set Analysis},
  OPTcrossref =  {},
  OPTkey = 	 {},
  booktitle = {2017 American Control Conference (ACC)},
  pages = 	 {4595--4600},
  year = 	 {2017},
  OPTeditor = 	 {},
  OPTvolume = 	 {},
  OPTnumber = 	 {},
  OPTseries = 	 {},
  address = 	 {Seattle},
  OPTmonth = 	 {},
  OPTorganization = {},
  OPTpublisher = {},
  note = 	 {},
  OPTannote = 	 {},
  doi = 	 {10.23919/ACC.2017.7963664}
}

%-------------------------------------------------------------------------------
% 2015
%-------------------------------------------------------------------------------

@InProceedings{subramani_et_al_DyDESS2014,
  author = 	 {D. N. Subramani and T. Lolla and Haley, Jr., P. J. and P. F. J. Lermusiaux},
  title = 	 {A stochastic optimization method for energy-based path planning},
  OPTcrossref =  {},
  OPTkey = 	 {},
  booktitle = {DyDESS 2014},
  pages = 	 {1--12},
  year = 	 {2015},
  editor = 	 {S. Ravela and A. Sandu},
  volume = 	 {8964},
  OPTnumber = 	 {},
  series = 	 {LNCS},
  OPTaddress = 	 {},
  OPTmonth = 	 {},
  OPTorganization = {},
  publisher = {Springer},
  OPTnote = 	 {},
  OPTannote = 	 {},
  doi = {10.1007/978-3-319-25138-7_31}
}

@InProceedings{petillo_et_al_Oceans2015,
  author = 	 {S. Petillo and H. Schmidt, P.F.J. Lermusiaux, D. Yoerger and A. Balasuriya},
  title = 	 {Autonomous \& Adaptive Oceanographic Front Tracking On Board Autonomous Underwater Vehicles},
  OPTcrossref =  {},
  OPTkey = 	 {},
  booktitle = {Proceedings of IEEE OCEANS'15 Conference},
  OPTpages = 	 {},
  year = 	 {2015},
  OPTeditor = 	 {},
  OPTvolume = 	 {},
  OPTnumber = 	 {},
  OPTseries = 	 {},
  address = 	 {Genoa},
  month = 	 may,
  organization = {IEEE},
  OPTpublisher = {},
  OPTnote = 	 {},
  OPTannote = 	 {},
  doi = {10.1109/oceans-genova.2015.7271616}
}

@InProceedings{Cococcioni_et_al_Oceans2015,
  author = 	 {M. Cococcioni and B. Lazzerini and P.F.J. Lermusiaux},
  title = 	 {Adaptive Sampling Using Fleets of Underwater Gliders in the Presence of Fixed Buoys using a Constrained Clustering Algorithm},
  OPTcrossref =  {},
  OPTkey = 	 {},
  booktitle = {Proceedings of IEEE OCEANS'15 Conference},
  OPTpages = 	 {},
  year = 	 {2015},
  OPTeditor = 	 {},
  OPTvolume = 	 {},
  OPTnumber = 	 {},
  OPTseries = 	 {},
  address = 	 {Genoa},
  month = 	 may,
  organization = {IEEE},
  OPTpublisher = {},
  OPTnote = 	 {},
  OPTannote = 	 {},
  doi = {10.1109/oceans-genova.2015.7271446}
}

%-------------------------------------------------------------------------------
% 2014
%-------------------------------------------------------------------------------

@Inproceedings{duda_et_al_Oceans2014,
  title={Issues and Progress in the Prediction of Ocean Submesoscale Features and Internal Waves},
  author={Timothy F. Duda and Weifeng Gordon Zhang and Karl R. Helfrich and Arthur E. Newhall and Ying-Tsong Lin and James F. Lynch and Pierre F. J. Lermusiaux and Haley, Jr., Patrick J. and John Wilkin},
  booktitle={OCEANS'14 MTS/IEEE},
  year={2014},
  note={},
  doi = {10.1109/oceans.2014.7003282}
}

@Inproceedings{duda_et_al_UA2014,
	Author = {Duda, T. F. and Y.-T. Lin and A. E. Newhall and K. R. Helfrich and W. G. Zhang and M. Badiey and P. F. J. Lermusiaux and J. A. Colosi and J. F. Lynch},
	Title = {The ``{I}ntegrated {O}cean {D}ynamics and {A}coustics" ({IODA}) Hybrid Modeling Effort},
	Booktitle = {Proceedings of the international conference on Underwater Acoustics - 2014 (UA2014)},
	PAGES     = {621-628},
	YEAR      = {2014},
  doi = {10.1121/1.4949977}
}

%-------------------------------------------------------------------------------
% 2013
%-------------------------------------------------------------------------------

@INPROCEEDINGS{colin_et_al_OCEANS2013,
  AUTHOR    = {Colin, M. E. G. D. and Duda, T. F. and te Raa, L. A. and van Zon, T. and Haley, Jr., P. J. and Lermusiaux, P. F. J. and Leslie, W. G. and Mirabito, C. and Lam, F. P. A. and Newhall, A. E. and Lin, Y.-T. and Lynch, J. F.},
  BOOKTITLE = {OCEANS - Bergen, 2013 MTS/IEEE},
  TITLE     = {Time-evolving acoustic propagation modeling in a complex ocean environment},
  YEAR      = {2013},
  PAGES     = {1-9},
  DOI       = {10.1109/OCEANS-Bergen.2013.6608051}
}

%-------------------------------------------------------------------------------
% 2012
%-------------------------------------------------------------------------------

@INPROCEEDINGS{lolla_et_al_ICRA2012,
  AUTHOR  = {Tapovan Lolla and Mattheus P. Ueckermann and Konur Yi\u{g}it and Haley, Jr., Patrick J. and Pierre F. J. Lermusiaux},
  YEAR    = {2012},
  TITLE   = {Path planning in time dependent flow fields using level set methods},
  BOOKTITLE = {IEEE International Conference on Robotics and Automation (ICRA), 14-18 May 2012},
  PAGES   = {166--173},
  DOI     = { 10.1109/ICRA.2012.6225364},
}

%-------------------------------------------------------------------------------
% 2011
%-------------------------------------------------------------------------------

@inproceedings{duda_et_al_ICTCA2011,
  title={Computational Studies of Three-Dimensional Ocean Sound Fields in Areas of Complex Seafloor Topography and Active Ocean Dynamics},
  author={Duda, Timothy F. and Lin, Ying-Tsong and Zhang, W. and Cornuelle, Bruce D. and Lermusiaux, Pierre F. J.},
  booktitle={Proceedings of the 10th International Conference on Theoretical and Computational Acoustics},
  year={2011},
  address={Taipei, Taiwan}
}

%-------------------------------------------------------------------------------
% 2009
%-------------------------------------------------------------------------------

@inproceedings{evangelinos_et_al_ACM2009,
  author={Evangelinos, Constantinos and Lermusiaux, Pierre F. J. and Xu, Jinshan and Haley, Patrick J. and Hill, Chris N.},
  title={Many task computing for multidisciplinary ocean sciences: real-time uncertainty prediction and data assimilation},
  booktitle={Proceedings of the 2nd Workshop on Many-Task Computing on Grids and Supercomputers},
  pages={14},
  year={2009},
  organization={ACM},
  doi = {10.1145/1646468.1646482}
}

@inproceedings{puryear_et_al_OCEANS2009,
  title={Underwater Acoustic Sparse Aperture System Performance: Using Transmitter Channel State Information for Multipath and Interference Rejection},
  author={Puryear, Andrew and Burton, Lisa J. and Lermusiaux, Pierre F. J. and Chan, Vincent W. S.},
  booktitle={OCEANS-Europe},
  pages={1--9},
  month={May},
  year={2009},
  organization={IEEE},
  DOI= {10.1109/OCEANSE.2009.5278156}
}

%-------------------------------------------------------------------------------
% 2008
%-------------------------------------------------------------------------------


@inproceedings{xu_et_al_POMA2008,
  author={Xu, J. and Lermusiaux, P. F. J. and Haley Jr., P. J. and Leslie, W. G. and Logutov, O. G.},
  title={{Spatial and Temporal Variations in Acoustic propagation during the PLUSNet-07 Exercise in Dabob Bay}},
  booktitle={Proceedings of Meetings on Acoustics (POMA)},
  pages={11},
  year={2008},
  volume = {4},
  organization={Acoustical Society of America 155th Meeting},
  DOI     = {10.1121/1.2988093}
}

%-------------------------------------------------------------------------------
% 2006
%-------------------------------------------------------------------------------

@CONFERENCE{wang_et_al_Oceans2006,
  author = {Wang, D. and Lermusiaux, P. F. J. and Haley, P. J. and Leslie, W. G.
	and Schmidt, H.},
  title = {Adaptive acoustical-environmental assessment for the focused acoustic
	field-05 at-sea exercise},
  year = {2006},
  booktitle = {Oceans 2006},
  month = {18-21 Sept},
  address = {Boston, MA},
  pages = {6},
  DOI = {10.1109/OCEANS.2006.306904}
}

@CONFERENCE{yilmaz_et_al_Oceans2006,
  author = {Yilmaz, N. K. and Evangelinos, C. and Patrikalakis, N. M. and Lermusiaux, P. F. J. and Haley, P. J. and Leslie, W. G. and Robinson, A. R. and Wang, D. and Schmidt, H.},
  title = {Path Planning Methods for Adaptive Sampling of Environmental and Acoustical Ocean Fields},
  year = {2006},
  booktitle = {Oceans 2006},
  address = {Boston, MA},
  month = {18-21 Sept},
  pages = {6},
  DOI     = {10.1109/OCEANS.2006.306841}

}
%-------------------------------------------------------------------------------
% 2005
%-------------------------------------------------------------------------------

@inproceedings{lermusiaux_lekien_OW2005,
  author={Lermusiaux, P. F. J. and Lekien, F.},
  title={Dynamics and {L}agrangian Coherent Structures in the Ocean and their Uncertainty},
  booktitle={Extended Abstract in report of the Dynamical System Methods in Fluid Dynamics Oberwolfach Workshop},
  pages={2},
  year={2005},
  editor    = {Jerrold E. Marsden and Jurgen Scheurle},
  organization={Mathematisches Forschungsinstitut Oberwolfach},
  address = {Germany},
  month = {July 31st - August 6th},
  DOI     = {10.1121/1.2988093}
}

%-------------------------------------------------------------------------------
% 2004
%-------------------------------------------------------------------------------

@inproceedings{robinson_lermusiaux_CTCA2004,
  author={Robinson, A. R. and Lermusiaux, P. F. J.},
  title={Prediction Systems with Data Assimilation for Coupled Ocean Science and Ocean Acoustics},
  booktitle={Proceedings of the Sixth International Conference on Theoretical and Computational Acoustics},
  pages={325--342},
  year={2004},
  editor    = {Tolstoy~et~al, A.},
  organization={World Scientific Publishing},
  note = {Refereed invited Keynote Manuscript},
  doi = {10.1142/9789812702609_0031}
}

%-------------------------------------------------------------------------------
% 2003
%-------------------------------------------------------------------------------

@inproceedings{robinson_et_al_SACLANCTEN2003,
  author={Robinson, A. R. and Sellschopp, J. and Leslie, W. and Alvarez, A. and Baldasserini, G. and Haley, P. J. and Lermusiaux, P. F. J. and Lozano, C. J. and Nacini, E. and Onken, R. and Stoner, R. and Zanasca, P.},
  title={Forecasting synoptic transients in the {Eastern Ligurian Sea}.},
  booktitle={Rapid Environmental Assessment SACLANTCEN Conference Proceedings},
  series={CP-46},
  year={2003},
  editor    = {Bovio, E. and  Tyce, R. and Schmidt, H.},
  address = {Saclantcen, La Spezia, Italy}
}

@inproceedings{evangelinos_et_al_ICCS2003,
  title={Rapid Real-Time Interdisciplinary Ocean Forecasting Using Adaptive Sampling and Adaptive Modeling and Legacy Codes: Component Encapsulation Using {XML}},
  author={Evangelinos, Constantinos and Chang, Robert and Lermusiaux, Pierre F. J. and Patrikalakis, Nicholas M.},
  booktitle={Computational Science--ICCS 2003},
  pages={375--384},
  year={2003},
  publisher={Springer},
  doi = {10.1007/3-540-44864-0_39}
}

%-------------------------------------------------------------------------------
% 2002
%-------------------------------------------------------------------------------
@conference{lermusiaux_et_al_oceans2002,
  author={Lermusiaux, P. F. J. and Robinson, A. R. and Haley, P. J. and Leslie, W. G. },
  title={Advanced interdisciplinary data assimilation: Filtering and smoothing via error subspace statistical estimation},
  booktitle={Proceedings of The OCEANS 2002 MTS/IEEE conference},
  pages={795--802},
  year={2002},
  organization={Holland Publications},
  doi = {10.1109/oceans.2002.1192071}
}

@inproceedings{lermusiaux_et_al_ICTCA2002,
  author={Lermusiaux, P. F. J. and Chiu, C.-S. and Robinson, A. R.},
  title={Modeling Uncertainties in the Prediction of the Acoustic Wavefield in a Shelfbreak Environment},
  booktitle={Proceedings of the 5th International conference on theoretical and computational acoustics},
  pages={191--200},
  year={2002},
  editor    = {Shang, E.-C. and Li, Q. and Gao, T. F.},
  organization={World Scientific Publishing Co.},
  month = {May 21-25},
  note = {Refereed invited manuscript},
  doi = {10.1142/9789812777362_0020}
}

@inproceedings{lermusiaux_chiu_Saclantcen2002,
  author={Lermusiaux, P. F. J. and Chiu, C.-S.},
  title={Four-dimensional data assimilation for coupled physical-acoustical fields},
  booktitle={Acoustic Variability, 2002},
  pages={417--424},
  year={2002},
  editor    = {Pace, N. G. and Jensen, F. B.},
  organization={Kluwer Academic Press},
  address = {Saclantcen},
  doi = {10.1007/978-94-010-0626-2_52}
}

@incollection{robinson_et_al_ILEVAPSP2002,
year={2002},
isbn = {978-94-010-3933-8},
booktitle = {Acoustic Varibility, 2002},
editor={Pace, Nicholas G. and Jensen, Finn B.},
doi = {10.1007/978-94-010-0626-2\_75},
title={Transfer of Uncertainties Through Physical-Acoustical-Sonar End-to-End Systems: A Conceptual Basis},
publisher={SCLANTCEN, Kluwer Academic Press},
author={Robinson, A. R. and Abbot, P. and Lermusiaux, P. F. J. and Dillman, L.},
pages={603-610},
}

@inproceedings{robinson_et_al_OCEANS2002,
	Author = {Robinson, A. R. and P. J. Haley and P. F. J. Lermusiaux and W. G. Leslie},
	Title = {Predictive Skill, Predictive Capability and Predictability in Ocean Forecasting},
	booktitle = {Proceedings of "The OCEANS 2002 MTS/IEEE" conference},
	publisher = {Holland Publications},
	month = {September},
	pages = {787--794},
	year = {2002},
  doi = {10.1109/oceans.2002.1192070}
	}
	
%-------------------------------------------------------------------------------
% 2001
%-------------------------------------------------------------------------------
	
@inproceedings{robinson_et_al_IIPSMOH2001,
author={Robinson, A. R. and B. J. Rothschild and W. G. Leslie and J. J. Bisagni and M. F. Borges and W. S. Brown and D. Cai and P. Fortier and A. Gangopadhyay and Haley, Jr., P. J. and H. S. Kim and L. Lanerolle and P. F. J. Lermusiaux and C. J. Lozano and M. G. Miller and G. Strout and M. A. Sundermeyer},
title={The development and demonstration of an advanced fisheries management information system},
booktitle={Proc. of the 17th Conference on Interactive Information and Processing Systems for Meteorology, Oceanography and Hydrology},
pages={186--190},
year={2002},
organization={American Meteorological Society},
address = {Albuquerque, New Mexico}
}
	
	
@incollection{djurcilov_et_al_DV2001,
year={2001},
isbn={978-3-211-83674-3},
booktitle={Data Visualization 2001},
series={Joint Eurographics - IEEE TCVG Symposium on Visualization},
editor={Ebert, David S. and Favre, Jean M. and Peikert, Ronald},
doi={10.1007/978-3-7091-6215-6\_26},
title={Volume Rendering Data with Uncertainty Information},
publisher={Springer Vienna},
author={Djurcilov, Suzana and Kim, Kwansik and Lermusiaux, Pierre F. J. and Pang, Alex},
pages={243-252, 355-356},
}

%%%%%%%%%%%%%%%%%%%%%%%%%%%%%%%%%%%%%%%%%%%%%%%%%%%%%%%%%%%%%%%%%%%%%%%%%%%%%%%%
%  Papers from Books (not a proceeding of a conference)
%%%%%%%%%%%%%%%%%%%%%%%%%%%%%%%%%%%%%%%%%%%%%%%%%%%%%%%%%%%%%%%%%%%%%%%%%%%%%%%%

%-------------------------------------------------------------------------------
% Not yet in print
%-------------------------------------------------------------------------------

@InCollection{patrikalakis_et_al_2009,
  author = 	 {N. M. Patrikalakis and P. F. J. Lermusiaux and C. Evangelinos and J. J. McCarthy and A. R. Robinson and H. Schmidt and Haley, Jr., P. J. and S. Lalis and R. Tian and W. G. Leslie and W. Cho},
  title = 	 {Towards Dynamic Data Driven Systems for Rapid Adaptive Interdisciplinary Ocean Forecasting},
  booktitle = 	 {Dynamic Data-Driven Application Systems},
  OPTcrossref =  {},
  OPTkey = 	 {},
  OPTpages = 	 {},
  publisher =    {Springer},
  year = 	 {2009},
  editor = 	 {Frederica Darema},
  OPTvolume = 	 {},
  OPTnumber = 	 {},
  OPTseries = 	 {},
  OPTtype = 	 {},
  OPTchapter = 	 {},
  OPTaddress = 	 {},
  OPTedition = 	 {},
  OPTmonth = 	 {},
  note = 	 {In press},
  OPTannote = 	 {}
}

%-------------------------------------------------------------------------------
% 2017
%-------------------------------------------------------------------------------

@Article{pinardi_et_al_TheSea2017,
  author = 	 {Nadia Pinardi and L. Cavaleri and G. Coppini and P. De Mey and C. Fratianni and J. Huthnance and P. F. J. Lermusiaux and A. Navarra and R. Preller and S. Tibaldi},
  title = 	 {From weather to ocean predictions: an historical viewpoint},
  journal = 	 {Journal of Marine Research},
  year = 	 {2017},
  OPTkey = 	 {},
  volume = 	 {75},
  OPTnumber = 	 {},
  pages = 	 {103--159},
  month = 	 may,
  note = 	 {Special issue: The Science of Ocean Prediction, vol. 17 of The Sea},
  OPTannote = 	 {},
  doi = 	 {10.1357/002224017821836789}
}


%-------------------------------------------------------------------------------
% 2016
%-------------------------------------------------------------------------------

@InCollection{lermusiaux_et_al_springer_HOE2016,
  author = 	 {Lermusiaux, P. F. J. and Lolla, T. and Haley, Jr., P. J. and Yigit, K. and Ueckermann, M. P. and Sondergaard, T. and Leslie, W. G.},
  title = 	 {Science of Autonomy: Time-Optimal Path Planning and Adaptive Sampling for Swarms of Ocean Vehicles},
  booktitle = 	 {Springer Handbook of Ocean Engineering: Autonomous Ocean Vehicles, Subsystems and Control},
  OPTcrossref =  {},
  OPTkey = 	 {},
  publisher =    {Springer},
  year = 	 {2016},
  editor = 	 {Tom Curtin},
  OPTvolume = 	 {},
  OPTnumber = 	 {},
  OPTseries = 	 {},
  OPTtype = 	 {},
  chapter = 	 {21},
  pages = 	 {481--498},
  OPTedition = 	 {},
  OPTmonth = 	 {},
  OPTaddress = 	 {},
  OPTnote = 	 {},
  OPTannote = 	 {},
  doi = 	 {10.1007/978-3-319-16649-0_21}
}

%-------------------------------------------------------------------------------
% 2001
%-------------------------------------------------------------------------------

@incollection{robinson_lermusiaux_EOS2001,
  title={Data Assimilation (Physical/Interdisciplinary)},
  author={Robinson, A. R. and Lermusiaux, P. F. J.},
  booktitle={Encyclopedia of Ocean Sciences},
  editor={Steele, J. H. and Thorpe, S. and Turekian, K.},
  pages={302--308},
  year={2001},
  publisher={Academic Press},
  address={London},
  doi = {10.1006/rwos.2001.0404}
}

%-------------------------------------------------------------------------------
% 1998
%-------------------------------------------------------------------------------

@incollection{robinson_et_al_Sea1998,
  title={Data Assimilation},
  author={Robinson, A. R. and Lermusiaux, P. F. J. and Sloan III, N. Q.},
  booktitle={The Global Coastal Ocean-Processes and Methods},
  editor={Brink, Kenneth H. and Robinson, Allan R.},
  series={The Sea},
  volume={10},
  type={Chapter},
  chapter={20},
  pages={541--594},
  year={1998},
  publisher={John Wiley and Sons},
  address={New York}
}

%%%%%%%%%%%%%%%%%%%%%%%%%%%%%%%%%%%%%%%%%%%%%%%%%%%%%%%%%%%%%%%%%%%%%%%%%%%%%%%%
% MechE Theses
%%%%%%%%%%%%%%%%%%%%%%%%%%%%%%%%%%%%%%%%%%%%%%%%%%%%%%%%%%%%%%%%%%%%%%%%%%%%%%%%

%-------------------------------------------------------------------------------
% 2018
%-------------------------------------------------------------------------------

@MastersThesis{ferris_MSThesis2018,
  author = 	 {David Ferris},
  title = 	 {Time-Optimal Multi-Waypoint Mission Planning in Dynamic Flow Fields},
  school = 	 {Massachusetts Institute of Technology, Department of Mechanical Engineering},
  year = 	 {2018},
  OPTkey = 	 {},
  OPTtype = 	 {},
  address = 	 {Cambridge, Massachusetts},
  month = 	 jun,
  OPTnote = 	 {},
  OPTannote = 	 {}
}


@PhdThesis{subramani_PhDThesis2018,
	author = 	 {Deepak Narayanan Subramani},
	title = 	 {Probabilistic Regional Ocean Predictions: Stochastic Fields and Optimal Planning},
	school = 	 {Massachusetts Institute of Technology, Department of Mechanical Engineering},
	year = 	 {2018},
	OPTkey = 	 {},
	OPTtype = 	 {},
	address = 	 {Cambridge, Massachusetts},
	month = 	 feb,
	OPTnote = 	 {},
	OPTannote = 	 {}
}

@MastersThesis{dutt_MSThesis2018,
  author = 	 {Arkopal Dutt},
  title = 	 {High Order Stochastic Transport and {L}agrangian Data Assimilation},
  school = 	 {Massachusetts Institute of Technology, Department of Mechanical Engineering},
  year = 	 {2018},
  OPTkey = 	 {},
  OPTtype = 	 {},
  address = 	 {Cambridge, Massachusetts},
  month = 	 feb,
  OPTnote = 	 {},
  OPTannote = 	 {}
}

%-------------------------------------------------------------------------------
% 2017
%-------------------------------------------------------------------------------

@MastersThesis{vo_MSThesis2017,
  author = 	 {Johnathan Hiep Vo},
  title = 	 {Modeling Flow Encountering Abrupt Topography using Hybridizable Discontinuous {G}alerkin Projection Methods},
  school = 	 {Massachusetts Institute of Technology, Department of Mechanical Engineering},
  year = 	 {2017},
  OPTkey = 	 {},
  OPTtype = 	 {},
  address = 	 {Cambridge, Massachusetts},
  month = 	 sep,
  OPTnote = 	 {},
  OPTannote = 	 {}
}

@MastersThesis{kulkarni_MSThesis2017,
  author = 	 {Chinmay Sameer Kulkarni},
  title = 	 {Three-Dimensional Time-Optimal Path Planning in Dynamic and Realistic Environments},
  school = 	 {Massachusetts Institute of Technology, Department of Mechanical Engineering},
  year = 	 {2017},
  OPTkey = 	 {},
  OPTtype = 	 {},
  address = 	 {Cambridge, Massachusetts},
  month = 	 jun,
  OPTnote = 	 {},
  OPTannote = 	 {}
}

@MastersThesis{feppon_MSThesis2017,
    author     =     {Florian Feppon},
    title     =     {Riemannian Geometry of Matrix Manifolds for {L}agrangian Uncertainty
Quantification of Stochastic Fluid Flows},
    school     =     {Massachusetts Institute of Technology, Department of Mechanical Engineering},
    address     =     {Cambridge, Massachusetts},
    year     =     {2017},
    month	=	feb
    }

%-------------------------------------------------------------------------------
% 2016
%-------------------------------------------------------------------------------

@MastersThesis{sroka_MSThesis2016,
	author = 	 {Sydney Glass Sroka},
	title = 	 {Internal Tides Near Steep Topographies},
	school = 	 {Massachusetts Institute of Technology, Department of Mechanical Engineering},
	year = 	 {2016},
	OPTkey = 	 {},
	OPTtype = 	 {},
	address = 	 {Cambridge, Massachusetts},
	month = 	 sep,
	OPTnote = 	 {},
	OPTannote = 	 {}
}

@MastersThesis{swezey_MSThesis2016,
	author = 	 {Matthew Michael Swezey},
	title = 	 {Ocean Acoustic Uncertainty for Submarine Applications},
	school = 	 {Massachusetts Institute of Technology, Department of Mechanical Engineering},
	year = 	 {2016},
	OPTkey = 	 {},
	OPTtype = 	 {},
	address = 	 {Cambridge, Massachusetts},
	month = 	 jun,
	OPTnote = 	 {},
	OPTannote = 	 {}
}

@MastersThesis{aoussou_MSThesis2016,
	author = 	 {Jean Philippe Aoussou},
	title = 	 {An Iterative Pressure-Correction Method for the Unsteady Incompressible Navier-Stokes Equation},
	school = 	 {Massachusetts Institute of Technology, Department of Mechanical Engineering},
	year = 	 {2016},
	OPTkey = 	 {},
	OPTtype = 	 {},
	address = 	 {Cambridge, Massachusetts},
	month = 	 jun,
	OPTnote = 	 {},
	OPTannote = 	 {}
}

@PhdThesis{lolla_PhDThesis2016,
	author = 	 {Sri Venkata Tapovan Lolla},
	title = 	 {Path Planning and Adaptive Sampling in the Coastal Ocean},
	school = 	 {Massachusetts Institute of Technology, Department of Mechanical Engineering},
	year = 	 {2016},
	OPTkey = 	 {},
	OPTtype = 	 {},
	address = 	 {Cambridge, Massachusetts},
	month = 	 feb,
	OPTnote = 	 {},
	OPTannote = 	 {}
}

%-------------------------------------------------------------------------------
% 2015
%-------------------------------------------------------------------------------

@MastersThesis{wei_BSThesis2015,
	author = 	 {Quantum J. Wei},
	title = 	 {Time-Optimal Path Planning in Uncertain Flow Fields Using Stochastic Dynamically Orthogonal Level Set Equations},
	school = 	 {Massachusetts Institute of Technology, Department of Mechanical Engineering},
	year = 	 {2015},
	OPTkey = 	 {},
	type = 	 {Bachelor's Thesis},
	address = 	 {Cambridge, Massachusetts},
	month = 	 jun,
	OPTnote = 	 {},
	OPTannote = 	 {}
}

%-------------------------------------------------------------------------------
% 2014
%-------------------------------------------------------------------------------

@MastersThesis{landry_MSThesis2014,
    author     =     {Jennifer Jacobs Landry},
    title     =     {{Coastal Ocean Variability off the Coast of Taiwan in Response to Typhoon Morakot: River Forcing, Atmospheric Forcing, and Cold Dome Dynamics}},
    school     =     {Massachusetts Institute of Technology, Department of Mechanical Engineering},
    address     =     {Cambridge, Massachusetts},
    year     =     {2014},
    month	=	{September}
    }

@MastersThesis{subramani_MSThesis2014,
    author     =     {Deepak N. Subramani},
    title     =     {{Energy Optimal Path Planning Using Stochastic Dynamically Orthogonal Level Set Equations}},
    school     =     {Massachusetts Institute of Technology, Department of Mechanical Engineering},
    address     =     {Cambridge, Massachusetts},
    year     =     {2014},
    month	=	{September}
    }

@MastersThesis{colmenero_BSThesis2014,
    author     =     {Jorge Colmenero},
    title     =     {{Generation of High Quality 2D Meshes for Given Bathymetry}},
    school     =     {Massachusetts Institute of Technology, Department of Mechanical Engineering},
    address     =     {Cambridge, Massachusetts},
    year     =     {2014},
    month	=	{June},
    type     = {Bachelor's Thesis}
    }

@MastersThesis{hessels_BSThesis2014,
    author     =     {Benjamin D. Hessels},
    title     =     {{Time-optimal Path Planning for Sea-surface Vehicles Under the Effects of Strong Currents and Winds}},
    school     =     {Massachusetts Institute of Technology, Department of Mechanical Engineering},
    address     =     {Cambridge, Massachusetts},
    year     =     {2014},
    month	=	{June},
    type     = {Bachelor's Thesis}
    }

@MastersThesis{young_BSThesis2014,
    author     =     {Grace Calvert Young},
    title     =     {{Missiles \& Misconceptions: Why We Know More About the Dark Side of the Moon than the Depths of the Ocean}},
    school     =     {Massachusetts Institute of Technology, Department of Mechanical Engineering},
    address     =     {Cambridge, Massachusetts},
    year     =     {2014},
    month	=	{June},
    type     = {Bachelor's Thesis}
    }

@PhDThesis{ueckermann_PhDThesis2014,
  author = 	 {M. P. Ueckermann},
  title = 	 {High Order Hybrid Discontinuous {G}alerkin Regional Ocean Modeling},
  school = 	 {Massachusetts Institute of Technology, Department of Mechanical Engineering},
  year = 	 {2014},
  OPTkey = 	 {},
  type = 	 {{PhD} thesis},
  address = 	 {Cambridge, MA},
  month    = feb,
  OPTnote = 	 {},
  OPTannote = 	 {}
}

%-------------------------------------------------------------------------------
% 2013
%-------------------------------------------------------------------------------

@MastersThesis{lu_MSThesis2013,
    author     =     {Peter Guang Yi Lu},
    title     =     {Bayesian inference of stochastic dynamical models},
    school     =     {Massachusetts Institute of Technology, Department of Mechanical Engineering},
    address     =     {Cambridge, Massachusetts},
    year     =     {2013},
    month	=		{February}
}

@MastersThesis{phadnis_MSThesis2013,
    author     =     {Akash Phadnis},
    title     =     {Uncertainty Quantification and Prediction for Non-autonomous Linear and Nonlinear Systems},
    school     =     {Massachusetts Institute of Technology, Department of Mechanical Engineering},
    address     =     {Cambridge, Massachusetts},
    year     =     {2013},
    month	=		{September}
}

%-------------------------------------------------------------------------------
% 2012
%-------------------------------------------------------------------------------

@MastersThesis{wamala_BSThesis2012,
    author     =     {Wamala, J.},
    title     =     {{Stochastic Modeling of Flows behind a Square Cylinder with uncertain Reynolds numbers}},
    school     =     {Massachusetts Institute of Technology, Department of Mechanical Engineering},
    address     =     {Cambridge, Massachusetts},
    year     =     {2012},
    month	=	{June},
    type     = {Bachelor's Thesis}
    }

@MastersThesis{vaskov_BSThesis2012,
    author     =     {Alex Kikeri Vaskov},
    title     =     {{Technological Review of Deep Ocean Manned Submersibles}},
    school     =     {Massachusetts Institute of Technology, Department of Mechanical Engineering},
    address     =     {Cambridge, Massachusetts},
    year     =     {2012},
    month	=	{June},
    type     = {Bachelor's Thesis}
    }

%-------------------------------------------------------------------------------
% 2011
%-------------------------------------------------------------------------------

@PhDThesis{sapsis_PhDthesis2011,
  author = 	 {Sapsis,T. P.},
  title = 	 {{Dynamically Orthogonal Field Equations for Stochastic Fluid Flows and Particle Dynamics}},
  school   = {Massachusetts Institute of Technology, Department of Mechanical Engineering},
  year = 	 {2011},
  type = 	 {{PhD} thesis},
  address = {Cambridge, MA},
  month   = {February}
}

@MastersThesis{sondergaard_MSThesis2011,
    author     =     {Sondergaard, T.},
    title     =     {{Data Assimilation with Gaussian Mixture Models using the Dynamically Orthogonal Field Equation}},
    school     =     {Massachusetts Institute of Technology, Department of Mechanical Engineering},
    address     =     {Cambridge, Massachusetts},
    year     =     {2011},
    month	=		{September}
    }

%-------------------------------------------------------------------------------
% 2010
%-------------------------------------------------------------------------------

@MastersThesis{kaufman_BSThesis2010,
    author     =     {Kaufman, M.R.S.},
    title     =     {{Upwelling Dynamics off Monterey Bay: Heat Flux and Temperature Variability, and their Sensitivities}},
    school     =     {Massachusetts Institute of Technology, Department of Mechanical Engineering},
    address     =     {Cambridge, Massachusetts},
    year     =     {2010},
    month 	 = 		{May},
    type     = {Bachelor's Thesis}
    }

%-------------------------------------------------------------------------------
% 2009
%-------------------------------------------------------------------------------

@MastersThesis{agarwal_MSThesis2009,
    author     =     {Agarwal, A.},
    title     =     {{Statistical Field Estimation and Scale Estimation for Complex Coastal Regions and Archipelagos}},
    school     =     {Massachusetts Institute of Technology, Department of Mechanical Engineering},
    address     =     {Cambridge, Massachusetts},
    year     =     {2009},
    month	=		{May},
    }

@MastersThesis{burton_MSThesis2009,
  author     =     {Burton, L. J.},
  title     =     {{Modeling Coupled Physics and Biology in Ocean Straits with Application to the San Bernardino Strait in the Philippine Archipelago}},
  school     =     {Massachusetts Institute of Technology, Department of Mechanical Engineering},
  address     =     {Cambridge, Massachusetts},
  year     =     {2009},
  month	=		{May}
  }

@MASTERSTHESIS{ueckermann_MSThesis2009,
   author   = {M. P. Ueckermann},
   title    = {Towards Next Generation Ocean Models: Novel Discontinuous {G}alerkin Schemes for {2D} unsteady biogeochemical models},
   school   = {Massachusetts Institute of Technology, Department of Mechanical Engineering},
   type     = {Master's Thesis},
   address  = {Cambridge, MA},
   month    = sep,
   year     = {2009},
}

%-------------------------------------------------------------------------------
% 2008
%-------------------------------------------------------------------------------

@MASTERSTHESIS{heubel_MSthesis2008,
   author   = {Heubel, E.},
   title    = {{Parameter Estimation and Adaptive Modeling Studies in Ocean Mixing}},
   school   = {Massachusetts Institute of Technology, Department of Mechanical Engineering},
   type     = {Master's Thesis},
   address  = {Cambridge, MA},
   month    = {September},
   year     = {2008}
}

%-------------------------------------------------------------------------------
% 2007
%-------------------------------------------------------------------------------

@PhDThesis{wang_PhDthesis2007,
  author = {Wang, D.},
  title = 	 {{Adaptive Rapid Environmental Assessment}},
  school   = {Massachusetts Institute of Technology, Department of Mechanical Engineering},
  year = 	 {2007},
  type = 	 {{PhD} thesis},
  address = 	 {Cambridge, MA},
  month    = {September}
}

%%%%%%%%%%%%%%%%%%%%%%%%%%%%%%%%%%%%%%%%%%%%%%%%%%%%%%%%%%%%%%%%%%%%%%%%%%%%%%%%
%  MSEAS Reports
%%%%%%%%%%%%%%%%%%%%%%%%%%%%%%%%%%%%%%%%%%%%%%%%%%%%%%%%%%%%%%%%%%%%%%%%%%%%%%%%

%-------------------------------------------------------------------------------
% 2018
%-------------------------------------------------------------------------------

@TECHREPORT{ferris_MSEAS2018,
   AUTHOR      = {David Ferris},
   YEAR        = {2018},
   TITLE       = {Time-Optimal Multi-Waypoint Mission Planning in Dynamic Flow Fields},
   INSTITUTION = {Department of Mechanical Engineering, Massachusetts Institute of Technology},
   TYPE        = {MSEAS Report},
   NUMBER      = {28},
   ADDRESS     = {Cambridge, MA},
}

%-------------------------------------------------------------------------------
% 2017
%-------------------------------------------------------------------------------

@TECHREPORT{lolla_lermusiaux_MSEAS2017,
  AUTHOR      = {T. Lolla and Pierre F. J. Lermusiaux},
  YEAR        = {2017},
  TITLE       = {A Forward Reachability Equation for Minimum-Time Path Planning in Strong Dynamic Flows},
  INSTITUTION = {Department of Mechanical Engineering, Massachusetts Institute of Technology},
  TYPE        = {MSEAS Report},
  NUMBER      = {27},
  ADDRESS     = {Cambridge, MA, USA},
}

%-------------------------------------------------------------------------------
% 2014
%-------------------------------------------------------------------------------

@techreport{Lermusiaux_etal_HDG_mseas_rep2014,
author = {Lermusiaux, Pierre F. J. and Ueckermann, Matt P. and Mirabito, C. and Haley, Jr., Patrick J. and Aoussou, J.},
title = {{High Order Hybridizable Discontinuous Galerkin Projection Schemes for Incompressible Navier-Stokes and Ocean Primitive Equations: Derivation Details}},
      type = {MSEAS Report},
      number = {22},
      MONTH = "August",
      YEAR = {2014},
      institution = {Department of Mechanical Engineering, Massachusetts Institute of Technology},
      address = {{Cambridge, Massachusetts, USA}},
}

@TECHREPORT{lu_lermusiaux_MSEAS2014,
  AUTHOR      = {P. G. Y. Lu and Pierre F. J. Lermusiaux},
  YEAR        = {2014},
  TITLE       = {PDE-based Bayesian inference of high-dimensional dynamical models},
  INSTITUTION = {Department of Mechanical Engineering, Massachusetts Institute of Technology},
  TYPE        = {MSEAS Report},
  NUMBER      = {19},
  ADDRESS     = {Cambridge, MA, USA},
}

@TECHREPORT{lolla_et_al_mseas_rep2014,
  AUTHOR      = {T. Lolla and P. F. J. Lermusiaux and M. P. Ueckermann and Haley, Jr., P. J.},
  YEAR        = {2014},
  TITLE       = {Modified level set approaches for the planning of time-optimal paths for swarms of ocean vehicles},
  INSTITUTION = {Department of Mechanical Engineering, Massachusetts Institute of Technology},
  TYPE        = {MSEAS Report},
  NUMBER      = {15},
  ADDRESS     = {Cambridge, MA, USA},
}

%-------------------------------------------------------------------------------
% 2012
%-------------------------------------------------------------------------------

@TECHREPORT{ueckermann_and_lermusiaux_MSEAS2012,
   author={Ueckermann, M. P. and Lermusiaux, P. F. J.},
   year={2012},
   title= {{2.29 Finite Volume MATLAB Framework Documentation}},
   INSTITUTION = {Department of Mechanical Engineering, Massachusetts Institute of Technology},
   TYPE        = {MSEAS Report},
   NUMBER      = {14},
   ADDRESS     = {Cambridge, MA},
   URL         = {http://mseas.mit.edu/?p=2567}
}


@TECHREPORT{mirabito_et_al_MSEAS2012,
   AUTHOR      = {Mirabito, C. and Haley, Jr., P. J. and Lermusiaux, P. F. J. and Leslie, W. G.},
   YEAR        = {2012},
   TITLE       = {{A River Discharge Model for Coastal Taiwan during Typhoon Morakot}},
   INSTITUTION = {Department of Mechanical Engineering, Massachusetts Institute of Technology},
   TYPE        = {MSEAS Report},
   NUMBER      = {13},
   ADDRESS     = {Cambridge, MA},
   URL         = {http://mseas.mit.edu/?p=2237}
}

%-------------------------------------------------------------------------------
% 2011
%-------------------------------------------------------------------------------

@techreport{ueckermann_et_al_MSEAS2011,
  author={Ueckermann, M. P. and Lermusiaux, P. F. J. and Sapsis, T. P.},
  year={2011},
  title= {{Numerical Schemes and Studies for Dynamically Orthogonal Equations of Stochastic Fluid and Ocean Flows}},
   INSTITUTION = {Department of Mechanical Engineering, Massachusetts Institute of Technology},
   TYPE        = {MSEAS Report},
   NUMBER      = {11},
   ADDRESS     = {Cambridge, MA},
   URL         = {http://mseas.mit.edu/?p=2139}
}

@techreport{yigit_MSEAS2011,
  author={Yi\u{g}it, K.},
  year={2011},
  title= {{Path Planning Methods for Autonomous Underwater Vehicles}},
   INSTITUTION = {Department of Mechanical Engineering, Massachusetts Institute of Technology},
   TYPE        = {MSEAS Report},
   NUMBER      = {09},
   ADDRESS     = {Cambridge, MA},
   URL         = {http://mseas.mit.edu/?p=2134}
}

%-------------------------------------------------------------------------------
% 2010
%-------------------------------------------------------------------------------

@techreport{leslie_et_al_MSEAS2010,
  author={ Leslie, W. G. and Haley, Jr., P. J. and Lermusiaux, P. F. J. and Ueckermann, M. P. and Logutov, O. and Xu, J.},
  year={2010},
  title={{MSEAS Manual}},
   INSTITUTION = {Department of Mechanical Engineering, Massachusetts Institute of Technology},
   TYPE        = {MSEAS Report},
   NUMBER      = {06},
   ADDRESS     = {Cambridge, MA},
   URL         = {http://mseas.mit.edu/?p=2237}
}

@techreport{agarwal_and_lermusiaux_MSEAS2010,
  author={Agarwal, A. and Lermusiaux, P. F. J.},
  year={2010},
  title= {{Statistical field estimation for complex coastal regions and archipelagos}},
  INSTITUTION = {Department of Mechanical Engineering, Massachusetts Institute of Technology},
  TYPE        = {MSEAS Report},
  NUMBER      = {07},
  ADDRESS     = {Cambridge, MA},
  URL         = {http://mseas.mit.edu/?p=2128}
}

%-------------------------------------------------------------------------------
% 2008
%-------------------------------------------------------------------------------

@techreport{heubel_MSEAS2008,
  author={Heubel, E.},
  year={2008},
  title= {{ Parameter Estimation and Adaptive Modeling Studies in Ocean Mixing}},
  INSTITUTION = {Department of Mechanical Engineering, Massachusetts Institute of Technology},
  TYPE        = {MSEAS Report},
  NUMBER      = {01},
  ADDRESS     = {Cambridge, MA},
  URL         = {http://mseas.mit.edu/?p=2237}
}
%%%%%%%%%%%%%%%%%%%%%%%%%%%%%%%%%%%%%%%%%%%%%%%%%%%%%%%%%%%%%%%%%%%%%%%%%%%%%%%%
% URL's
%%%%%%%%%%%%%%%%%%%%%%%%%%%%%%%%%%%%%%%%%%%%%%%%%%%%%%%%%%%%%%%%%%%%%%%%%%%%%%%%

%-------------------------------------------------------------------------------
% 2013
%-------------------------------------------------------------------------------

@MISC{lermusiaux_et_al_ITVurl2013,
  AUTHOR = {P. F. J. Lermusiaux and T. P. Duda and Haley, Jr., P. J. and W. G. Leslie and M. P. Ueckermann and C. Mirabito},
  YEAR   = {2013},
  TITLE  = {{C}ollaborative {R}esearch: {C}auses and {E}ffects of {S}helf-edge {I}nternal {T}ide {V}ariability},
  URL    = {http://mseas.mit.edu/Research/ITV/index.html}
}

@MISC{mseas_seminars_url2013,
  AUTHOR = {{MSEAS Group}},
  YEAR   = {2013},
  TITLE  = {{MSEAS} {S}eminars},
  URL    = {http://mseas.mit.edu/?cat=7}
}

@MISC{mseas_software_url2013,
  AUTHOR = {{MSEAS Group}},
  YEAR   = {2013},
  TITLE  = {{MSEAS} {S}oftware},
  URL    = {http://mseas.mit.edu/software/}
}

