
#D 
@article{dealII92,
  title     = {The \texttt{deal.II} Library, Version 9.2},
  author    = {Daniel Arndt and Wolfgang Bangerth and Bruno Blais and
               Thomas C. Clevenger and Marc Fehling and Alexander V. Grayver and
               Timo Heister and Luca Heltai and Martin Kronbichler and Matthias Maier and
               Peter Munch and Jean-Paul Pelteret and Reza Rastak and
               Ignacio Thomas and Bruno Turcksin and Zhuoran Wang and David Wells},
  journal   = {Journal of Numerical Mathematics},
  publisher = {De Gruyter},
  year      = {2020},
  volume    = {28},
  number    = {3},
  pages     = {131-146},
  DOI       = {10.1515/jnma-2020-0043},
  url       = {https://dealii.org/deal92-preprint.pdf}
}

#F


@article{fehn_stability_2017,
	title = {On the stability of projection methods for the incompressible {Navier}–{Stokes} equations based on high-order discontinuous {Galerkin} discretizations},
	volume = {351},
	issn = {0021-9991},
	url = {http://www.sciencedirect.com/science/article/pii/S0021999117306915},
	doi = {10.1016/j.jcp.2017.09.031},
	language = {en},
	urldate = {2020-12-06},
	journal = {Journal of Computational Physics},
	author = {Fehn, Niklas and Wall, Wolfgang A. and Kronbichler, Martin},
	month = dec,
	year = {2017},
	keywords = {Discontinuous Galerkin method, Dual splitting, Incompressible Navier–Stokes, Inf–sup stability, Pressure-correction, Projection methods},
	pages = {392--421},
}


@article{fehn_robust_2018,
	title = {Robust and efficient discontinuous {Galerkin} methods for under-resolved turbulent incompressible flows},
	volume = {372},
	issn = {0021-9991},
	url = {http://www.sciencedirect.com/science/article/pii/S0021999118304157},
	doi = {10.1016/j.jcp.2018.06.037},
	language = {en},
	urldate = {2020-12-06},
	journal = {Journal of Computational Physics},
	author = {Fehn, Niklas and Wall, Wolfgang A. and Kronbichler, Martin},
	month = nov,
	year = {2018},
	keywords = {Incompressible Navier–Stokes, Discontinuous Galerkin, High-order methods, Implicit LES, Large-eddy simulation, Turbulence modeling},
	pages = {667--693},
}



#G
@article{guermond_error_2005,
	title = {Error {Analysis} of {Pressure}-{Correction} {Schemes} for the {Time}-{Dependent} {Stokes} {Equations} with {Open} {Boundary} {Conditions}},
	volume = {43},
	issn = {0036-1429},
	url = {https://epubs.siam.org/doi/abs/10.1137/040604418},
	doi = {10.1137/040604418},
	number = {1},
	urldate = {2020-12-06},
	journal = {SIAM Journal on Numerical Analysis},
	author = {Guermond, J. L. and Minev, P. and Shen, J.},
	month = jan,
	year = {2005},
	note = {Publisher: Society for Industrial and Applied Mathematics},
	pages = {239--258},
}

@article{guermond_overview_2006,
	title = {An overview of projection methods for incompressible flows},
	volume = {195},
	issn = {0045-7825},
	url = {http://www.sciencedirect.com/science/article/pii/S0045782505004640},
	doi = {10.1016/j.cma.2005.10.010},
	language = {en},
	number = {44},
	urldate = {2020-12-06},
	journal = {Computer Methods in Applied Mechanics and Engineering},
	author = {Guermond, J. L. and Minev, P. and Shen, Jie},
	month = sep,
	year = {2006},
	keywords = {Projection methods, Finite elements, Fractional step methods, Incompressibility, Navier–Stokes equations, Spectral approximations},
	pages = {6011--6045},
}

#H

@book{hesthaven_nodal_2008,
	address = {New York, NY},
	series = {Texts in {Applied} {Mathematics}},
	title = {Nodal {Discontinuous} {Galerkin} {Methods}},
	volume = {54},
	isbn = {978-0-387-72065-4 978-0-387-72067-8},
	url = {http://link.springer.com/10.1007/978-0-387-72067-8},
	language = {en},
	urldate = {2020-12-06},
	publisher = {Springer New York},
	author = {Hesthaven, Jan S. and Warburton, Tim},
	editor = {Marsden, J. E. and Sirovich, L. and Antman, S. S.},
	year = {2008},
	doi = {10.1007/978-0-387-72067-8},
}


#K
@article{karniadakis_high-order_1991,
	title = {High-order splitting methods for the incompressible {Navier}-{Stokes} equations},
	volume = {97},
	issn = {00219991},
	url = {https://linkinghub.elsevier.com/retrieve/pii/0021999191900078},
	doi = {10.1016/0021-9991(91)90007-8},
	language = {en},
	number = {2},
	urldate = {2020-12-07},
	journal = {Journal of Computational Physics},
	author = {Karniadakis, George Em and Israeli, Moshe and Orszag, Steven A},
	month = dec,
	year = {1991},
	pages = {414--443},
}

#N

@article{nguyen_implicit_2009,
	title = {An implicit high-order hybridizable discontinuous {Galerkin} method for linear convection–diffusion equations},
	volume = {228},
	issn = {0021-9991},
	url = {http://www.sciencedirect.com/science/article/pii/S0021999109000308},
	doi = {10.1016/j.jcp.2009.01.030},
	language = {en},
	number = {9},
	urldate = {2020-12-06},
	journal = {Journal of Computational Physics},
	author = {Nguyen, N. C. and Peraire, J. and Cockburn, B.},
	month = may,
	year = {2009},
	keywords = {Convection–diffusion equations, Discontinuous Galerkin methods, Finite element methods, Hybrid/mixed methods},
	pages = {3232--3254},
}

@article{nguyen_hybridizable_2010,
	title = {A hybridizable discontinuous {Galerkin} method for {Stokes} flow},
	volume = {199},
	issn = {0045-7825},
	url = {http://www.sciencedirect.com/science/article/pii/S0045782509003521},
	doi = {10.1016/j.cma.2009.10.007},
	language = {en},
	number = {9},
	urldate = {2020-12-06},
	journal = {Computer Methods in Applied Mechanics and Engineering},
	author = {Nguyen, N. C. and Peraire, J. and Cockburn, B.},
	month = jan,
	year = {2010},
	keywords = {Discontinuous Galerkin methods, Finite element methods, Hybrid/mixed methods, Augmented Lagrangian, Stokes flow},
	pages = {582--597},
}


@article{nguyen_implicit_2011,
	title = {An implicit high-order hybridizable discontinuous {Galerkin} method for the incompressible {Navier}–{Stokes} equations},
	volume = {230},
	issn = {0021-9991},
	url = {http://www.sciencedirect.com/science/article/pii/S0021999110005887},
	doi = {10.1016/j.jcp.2010.10.032},
	language = {en},
	number = {4},
	urldate = {2020-12-06},
	journal = {Journal of Computational Physics},
	author = {Nguyen, N. C. and Peraire, J. and Cockburn, B.},
	month = feb,
	year = {2011},
	keywords = {Incompressible Navier–Stokes equations, Discontinuous Galerkin methods, Finite element methods, Hybrid/mixed methods, Augmented Lagrangian},
	pages = {1147--1170},
}


#S
@article{sani_resume_1994,
	title = {R\'esum\'e and remarks on the open boundary condition minisymposium},
	volume = {18},
	copyright = {Copyright © 1994 John Wiley \& Sons, Ltd},
	issn = {1097-0363},
	url = {https://onlinelibrary.wiley.com/doi/abs/10.1002/fld.1650181006},
	doi = {https://doi.org/10.1002/fld.1650181006},
	language = {en},
	number = {10},
	urldate = {2020-12-06},
	journal = {International Journal for Numerical Methods in Fluids},
	author = {Sani, R. L. and Gresho, P. M.},
	year = {1994},
	note = {\_eprint: https://onlinelibrary.wiley.com/doi/pdf/10.1002/fld.1650181006},
	keywords = {Boundary condition, Boussinesq, Navier-Stokes, Open, Outflow},
	pages = {983--1008},
}
